2876 5026
754 399 845 496 12‘

245 703 256 732 0
278 665 393 735 literas
407 664 445 734 in
455 659 568 735 Itolt'rl
580 663 773 733 instaurare
790 661 905 734 eonati
914 676 1047 757 essent,
1065 663 1134 734 hoe
1143 662 1263 736 tamen

278 793 446 891 perficere
477 819 551 865 non
580 804 790 890 potuerunt,
825 792 958 889 quippe
989 817 1081 889 quae
1114 819 1156 866 ex
1185 795 1262 889 ipsa

227 989 232 1000 .
281 923 436 998 Groeoo'rl
462 926 673 1022 repetendae
697 935 820 994 essent.
860 923 985 1020 Itaque
1001 927 1163 1020 nonnulli
1180 952 1261 998 eru-

280 1055 342 1125 diti
368 1055 512 1150 Graeci,
538 1058 629 1127 inter
643 1082 731 1154 quos
748 1055 878 1126 eminet
904 1081 1064 1126 narrar
1091 1081 1262 1129 euerso-

280 1209 417 1280 roaas,
451 1188 489 1258 in
521 1187 660 1258 Italiam
689 1199 925 1279 transeuntes,
966 1186 1119 1259 Graecas
1147 1189 1261 1260 literas

277 1319 492 1412 pedetentim
508 1345 626 1391 secum
642 1320 771 1390 ducere
781 1329 993 1414 coeperunt,
1008 1318 1122 1389 donec
1132 1343 1261 1418 magna

276 1451 314 1521 in
341 1449 483 1524 Oriente
508 1478 627 1524 rerum
652 1445 832 1524 conversio
859 1475 983 1528 eorum
1011 1451 1193 1524 conatibus
1208 1454 1262 1532 ini
1289 1443 1293 1449 ⁴

277 1581 374 1679 signe
391 1583 634 1676 adjumentum
651 1583 776 1654 attulit.

327 1713 545 1784 Anunarnr
571 1713 667 1784 enim
698 1710 744 1807 (a.
763 1709 993 1808 MCCCCLI)
1008 1711 1047 1782 in
1062 1711 1260 1785 Turcorum

275 1842 422 1940 imperio
448 1857 657 1916 successerat
680 1868 942 1936 acarnanas,
969 1855 1073 1942 patre¹
1090 1843 1185 1916 bella
1199 1869 1261 1940 μὴ

277 1978 378 2049 rendi
409 2002 493 2048 cum
516 1977 727 2074 cupiditate,
751 1989 828 2046 tum
854 1973 962 2071 glorta
987 1975 1086 2046 haud
1105 1975 1256 2052 inferior.

276 2102 387 2205 Igitur
423 2111 480 2180 vir
508 2111 554 2181 ad
581 2135 748 2180 summun
768 2109 958 2204 imperium
974 2109 1149 2201 escendit,
1179 2134 1261 2180 cum

278 2239 517 2336 gravissimum
550 2238 686 2310 bellum
719 2237 920 2318 Christianis
955 2238 1102 2331 inferre,
1135 2240 1262 2312 laben·

278 2383 421 2468 temque
436 2370 620 2443 Orientalis
631 2371 874 2442 Romanorum
889 2371 1026 2465 imperii
1038 2371 1158 2442 sedern
1168 2395 1262 2442 ever-

184 2491 188 2500 *
276 2512 348 2574 tere
366 2502 550 2572 constituit.
595 2498 703 2591 Quod
720 2515 793 2572 tam
809 2501 901 2572 felici
917 2526 1077 2572 successu
1094 2501 1259 2597 perfecit,

275 2639 322 2704 ut'.
356 2634 498 2706 biennio
542 2609 778 2730 praeterlapso
811 2632 960 2741 (quarto
998 2633 1080 2714 Kal.
1117 2634 1204 2728 Maj.
1239 2638 1260 2706 a

277 2765 543 2861 MCCCCLHI)
568 2765 902 2864 Constantinopolin
922 2767 1169 2862 expugnaverit
1184 2767 1260 2839 Ro-

272 2892 465 2996 manosque
476 2898 624 2992 imperio
641 2899 783 2970 exuerit.
812 2896 950 2968 Verum
961 2899 1157 2992 enimvero,
1177 2924 1259 2970 cum

186 3079 189 3087 s
274 3035 398 3126 armis,
414 3035 626 3106 teterrimam
647 3058 791 3130 quoque
820 3032 1021 3105 barbariem
1047 3035 1084 3104 in
1103 3020 1257 3106 Orienta-

273 3163 308 3238 le
325 3167 512 3261 imperium
529 3167 665 3252 induxit
675 3167 866 3263 dulcesque
876 3167 996 3240 Musas
1007 3167 1127 3264 iugem
1136 3188 1258 3263 parare

275 3297 396 3391 coegit.
444 3296 525 3386 Quo
553 3297 686 3368 lactum
711 3310 782 3390 est,
806 3311 851 3372 ,ut
875 3299 1052 3370 innumeri
1078 3298 1142 3368 viri
1166 3292 1261 3367 docti

275 3422 430 3512 Graecei
455 3424 594 3519 relictis,
630 3451 667 3498 se
694 3427 732 3497 in
754 3428 928 3523 Italiam,
963 3429 1026 3502 uhi
1042 3428 1261 3525 tranquillior
1308 3455 1311 3464 ’

272 3583 391 3629 rerum
408 3553 514 3629 stalus
529 3559 709 3630 literarum
725 3561 846 3632 stradiis
864 3560 1023 3652 favebat,
1048 3559 1255 3655 receperint.

273 3689 346 3762 Hos
367 3690 470 3763 'inter
501 3679 608 3786 ‘erant
642 3705 880 3768 rnnoaoans
909 3717 1028 3784 erza,
1064 3717 1257 3766 eroacrus

275 3847 585 3917 raarazunrrus,
617 3849 787 3895 roarrns
822 3849 1099 3896 aneraorrrus
1130 3837 1165 3896 et
1196 3849 1258 3895 ro-

275 3980 398 4025 errrs
420 3980 612 4028 rasuram.

324 4084 485 4160 Sedecim
509 4089 582 4162 iere
606 4091 747 4162 saecula
768 4091 1140 4185 praeterlapsaerant,
1164 4098 1256 4183 post-
