<?xml version="1.0" encoding="UTF-8"?>
<!DOCTYPE html PUBLIC "-//W3C//DTD XHTML 1.0 Transitional//EN"
    "http://www.w3.org/TR/xhtml1/DTD/xhtml1-transitional.dtd">
<html xmlns="http://www.w3.org/1999/xhtml" xml:lang="en" lang="en">
 <head>
  <title>
</title>
<meta http-equiv="Content-Type" content="text/html;charset=utf-8" />
  <meta name='ocr-system' content='tesseract 3.04.00' />
  <meta name='ocr-capabilities' content='ocr_page ocr_carea ocr_par ocr_line ocrx_word'/>
</head>
<body>
  <div class='ocr_page' id='page_1' title='image "./vitaetmeritarud00tresgoog_0055.png"; bbox 0 0 2876 5026; ppageno 0'>
   <div class='ocr_carea' id='block_1_1' title="bbox 790 435 841 512">
    <p class='ocr_par' dir='ltr' id='par_1_1' title="bbox 790 435 841 512">
     <span class='ocr_line' id='line_1_1' title="bbox 790 435 841 512; baseline 0 0"><span class='ocrx_word' id='word_1_1' title='bbox 790 435 841 512; x_wconf 62' lang='lat' dir='ltr'><strong>dd</strong></span> 
     </span>
    </p>
   </div>
   <div class='ocr_carea' id='block_1_2' title="bbox 325 643 1293 760">
    <p class='ocr_par' dir='ltr' id='par_1_2' title="bbox 325 643 1293 760">
     <span class='ocr_line' id='line_1_2' title="bbox 325 643 1293 760; baseline -0.011 -18"><span class='ocrx_word' id='word_1_2' title='bbox 325 673 402 742; x_wconf 85' lang='lat' dir='ltr'><strong>titos</strong></span> <span class='ocrx_word' id='word_1_3' title='bbox 417 678 560 738; x_wconf 78' lang='lat' dir='ltr'><strong>oonanrs</strong></span> <span class='ocrx_word' id='word_1_4' title='bbox 576 643 721 760; x_wconf 83' lang='lat' dir='ltr'><strong>operam</strong></span> <span class='ocrx_word' id='word_1_5' title='bbox 735 675 770 736; x_wconf 89' lang='lat' dir='ltr'><strong>et</strong></span> <span class='ocrx_word' id='word_1_6' title='bbox 779 664 914 753; x_wconf 81' lang='lat' dir='ltr'><strong>oleum,</strong></span> <span class='ocrx_word' id='word_1_7' title='bbox 927 663 1212 757; x_wconf 81' lang='lat' dir='ltr'><strong>utiuproverbio</strong></span> <span class='ocrx_word' id='word_1_8' title='bbox 1225 675 1274 737; x_wconf 86' lang='lat' dir='ltr'><strong>est</strong></span> <span class='ocrx_word' id='word_1_9' title='bbox 1280 717 1293 752; x_wconf 88' lang='lat'><em>,</em></span> 
     </span>
    </p>
   </div>
   <div class='ocr_carea' id='block_1_3' title="bbox 324 794 1410 910">
    <p class='ocr_par' dir='ltr' id='par_1_3' title="bbox 324 794 1410 910">
     <span class='ocr_line' id='line_1_3' title="bbox 324 794 1410 910; baseline -0.01 -37"><span class='ocrx_word' id='word_1_10' title='bbox 324 817 395 873; x_wconf 86' lang='lat' dir='ltr'><strong>nos&#39;</strong></span> <span class='ocrx_word' id='word_1_11' title='bbox 412 799 600 895; x_wconf 80' lang='lat' dir='ltr'>perdidisse</span> <span class='ocrx_word' id='word_1_12' title='bbox 625 797 859 899; x_wconf 77' lang='lat' dir='ltr'><strong>intelligamus</strong></span> <span class='ocrx_word' id='word_1_13' title='bbox 886 795 1080 891; x_wconf 78' lang='lat' dir='ltr'><strong>mentisque</strong></span> <span class='ocrx_word' id='word_1_14' title='bbox 1106 795 1218 875; x_wconf 83' lang='lat' dir='ltr'><strong>aeiem</strong></span> <span class='ocrx_word' id='word_1_15' title='bbox 1232 794 1297 910; x_wconf 30' lang='grc' dir='ltr'>οι),-</span> <span class='ocrx_word' id='word_1_16' title='bbox 1409 863 1410 882; x_wconf 16' lang='grc' dir='ltr'>ζ</span> 
     </span>
    </p>
   </div>
   <div class='ocr_carea' id='block_1_4' title="bbox 319 927 1291 1026">
    <p class='ocr_par' dir='ltr' id='par_1_4' title="bbox 319 927 1291 1026">
     <span class='ocr_line' id='line_1_4' title="bbox 319 927 1291 1026; baseline -0.008 -22"><span class='ocrx_word' id='word_1_17' title='bbox 319 932 423 1004; x_wconf 89' lang='lat' dir='ltr'><strong>tundi</strong></span> <span class='ocrx_word' id='word_1_18' title='bbox 448 929 556 1026; x_wconf 73' lang='lat' dir='ltr'><strong>magis</strong></span> <span class='ocrx_word' id='word_1_19' title='bbox 565 983 579 1018; x_wconf 89' lang='lat'><em>,</em></span> <span class='ocrx_word' id='word_1_20' title='bbox 608 953 717 1025; x_wconf 83' lang='lat' dir='ltr'><strong>quam</strong></span> <span class='ocrx_word' id='word_1_21' title='bbox 737 929 877 1017; x_wconf 80' lang='lat' dir='ltr'><strong>exacui,</strong></span> <span class='ocrx_word' id='word_1_22' title='bbox 905 928 1110 1016; x_wconf 81' lang='lat' dir='ltr'><strong>sentiamus,</strong></span> <span class='ocrx_word' id='word_1_23' title='bbox 1129 927 1233 998; x_wconf 87' lang='lat' dir='ltr'><strong>lectio</strong></span> <span class='ocrx_word' id='word_1_24' title='bbox 1255 927 1291 996; x_wconf 92' lang='lat' dir='ltr'><strong>in</strong></span> 
     </span>
    </p>
   </div>
   <div class='ocr_carea' id='block_1_5' title="bbox 321 1023 1410 1157">
    <p class='ocr_par' dir='ltr' id='par_1_5' title="bbox 321 1023 1410 1157">
     <span class='ocr_line' id='line_1_5' title="bbox 321 1023 1410 1157; baseline -0.01 -22"><span class='ocrx_word' id='word_1_25' title='bbox 321 1064 417 1134; x_wconf 89' lang='lat' dir='ltr'><strong>aliud</strong></span> <span class='ocrx_word' id='word_1_26' title='bbox 433 1076 571 1157; x_wconf 88' lang='lat' dir='ltr'><strong>tempus</strong></span> <span class='ocrx_word' id='word_1_27' title='bbox 594 1060 784 1136; x_wconf 80' lang='lat' dir='ltr'><strong>deferenda</strong></span> <span class='ocrx_word' id='word_1_28' title='bbox 798 1073 869 1150; x_wconf 87' lang='lat' dir='ltr'><strong>est,</strong></span> <span class='ocrx_word' id='word_1_29' title='bbox 887 1062 1001 1132; x_wconf 89' lang='lat' dir='ltr'><strong>donee</strong></span> <span class='ocrx_word' id='word_1_30' title='bbox 1016 1060 1073 1130; x_wconf 81' lang='lat' dir='ltr'><strong>vel</strong></span> <span class='ocrx_word' id='word_1_31' title='bbox 1090 1060 1213 1132; x_wconf 87' lang='lat' dir='ltr'><strong>doetus</strong></span> <span class='ocrx_word' id='word_1_32' title='bbox 1226 1059 1293 1130; x_wconf 93' lang='lat' dir='ltr'><strong>ho·</strong></span> <span class='ocrx_word' id='word_1_33' title='bbox 1409 1023 1410 1102; x_wconf 58' lang='lat' dir='ltr'><strong>i</strong></span> 
     </span>
    </p>
   </div>
   <div class='ocr_carea' id='block_1_6' title="bbox 209 1191 1293 2204">
    <p class='ocr_par' dir='ltr' id='par_1_6' title="bbox 316 1191 1291 1426">
     <span class='ocr_line' id='line_1_6' title="bbox 317 1191 1291 1290; baseline -0.007 -22"><span class='ocrx_word' id='word_1_34' title='bbox 317 1191 378 1268; x_wconf 81' lang='lat' dir='ltr'><strong>mo</strong></span> <span class='ocrx_word' id='word_1_35' title='bbox 393 1193 553 1266; x_wconf 69' lang='lat' dir='ltr'><strong>vel-lna</strong></span> <span class='ocrx_word' id='word_1_36' title='bbox 567 1193 711 1290; x_wconf 69' lang='lat' dir='ltr'><strong>atqua,</strong></span> <span class='ocrx_word' id='word_1_37' title='bbox 729 1194 787 1268; x_wconf 83' lang='lat' dir='ltr'><strong>vel</strong></span> <span class='ocrx_word' id='word_1_38' title='bbox 797 1207 890 1267; x_wconf 79' lang='lat' dir='ltr'><strong>nova</strong></span> <span class='ocrx_word' id='word_1_39' title='bbox 900 1192 969 1267; x_wconf 87' lang='lat' dir='ltr'><strong>loci</strong></span> <span class='ocrx_word' id='word_1_40' title='bbox 982 1191 1211 1270; x_wconf 81' lang='lat' dir='ltr'><strong>consideratio</strong></span> <span class='ocrx_word' id='word_1_41' title='bbox 1228 1191 1291 1262; x_wconf 87' lang='lat' dir='ltr'><strong>ali-</strong></span> 
     </span>
     <span class='ocr_line' id='line_1_7' title="bbox 316 1326 821 1426; baseline 0.002 -30"><span class='ocrx_word' id='word_1_42' title='bbox 316 1326 406 1422; x_wconf 88' lang='lat' dir='ltr'><strong>quid</strong></span> <span class='ocrx_word' id='word_1_43' title='bbox 421 1326 507 1398; x_wconf 90' lang='lat' dir='ltr'><strong>lueis</strong></span> <span class='ocrx_word' id='word_1_44' title='bbox 524 1326 634 1398; x_wconf 85' lang='lat' dir='ltr'><strong>affert</strong></span> <span class='ocrx_word' id='word_1_45' title='bbox 694 1389 697 1396; x_wconf 77' lang='grc'>,</span> <span class='ocrx_word' id='word_1_46' title='bbox 754 1361 770 1398; x_wconf 89' lang='grc'><strong>·.</strong></span> <span class='ocrx_word' id='word_1_47' title='bbox 790 1335 821 1426; x_wconf 60' lang='lat' dir='ltr'><strong>&#39;J</strong></span> 
     </span>
    </p>

    <p class='ocr_par' dir='ltr' id='par_1_7' title="bbox 209 1452 1293 2204">
     <span class='ocr_line' id='line_1_8' title="bbox 366 1452 1293 1558; baseline -0.005 -32"><span class='ocrx_word' id='word_1_48' title='bbox 366 1455 423 1526; x_wconf 89' lang='lat' dir='ltr'><strong>Ad</strong></span> <span class='ocrx_word' id='word_1_49' title='bbox 437 1456 644 1558; x_wconf 79' lang='lat' dir='ltr'><strong>memoriam</strong></span> <span class='ocrx_word' id='word_1_50' title='bbox 656 1453 1004 1552; x_wconf 82' lang='lat' dir='ltr'><strong>firmam,nunqua1n</strong></span> <span class='ocrx_word' id='word_1_51' title='bbox 1014 1452 1176 1526; x_wconf 78' lang='lat' dir='ltr'><strong>fallacem</strong></span> <span class='ocrx_word' id='word_1_52' title='bbox 1184 1452 1293 1522; x_wconf 77' lang='lat' dir='ltr'><strong>maxi-</strong></span> 
     </span>
     <span class='ocr_line' id='line_1_9' title="bbox 313 1580 1291 1673; baseline -0.003 -18"><span class='ocrx_word' id='word_1_53' title='bbox 313 1580 373 1655; x_wconf 84' lang='lat' dir='ltr'><strong>m&#39;e</strong></span> <span class='ocrx_word' id='word_1_54' title='bbox 388 1582 480 1656; x_wconf 81' lang='lat' dir='ltr'><strong>&#39;valet</strong></span> <span class='ocrx_word' id='word_1_55' title='bbox 499 1584 737 1673; x_wconf 75' lang='lat' dir='ltr'><strong>felix&#39;natura,</strong></span> <span class='ocrx_word' id='word_1_56' title='bbox 756 1585 814 1656; x_wconf 77' lang='lat' dir='ltr'><strong>ord</strong></span> <span class='ocrx_word' id='word_1_57' title='bbox 835 1586 864 1658; x_wconf 91' lang='lat' dir='ltr'><strong>si</strong></span> <span class='ocrx_word' id='word_1_58' title='bbox 886 1583 1083 1670; x_wconf 85' lang='lat' dir='ltr'><strong>exereitatio</strong></span> <span class='ocrx_word' id='word_1_59' title='bbox 1096 1608 1138 1670; x_wconf 88' lang='lat' dir='ltr'><strong>ao</strong></span> <span class='ocrx_word' id='word_1_60' title='bbox 1151 1581 1291 1670; x_wconf 77' lang='lat' dir='ltr'><strong>eonfor-</strong></span> 
     </span>
     <span class='ocr_line' id='line_1_10' title="bbox 311 1703 1291 1812; baseline 0.001 -29"><span class='ocrx_word' id='word_1_61' title='bbox 311 1703 422 1786; x_wconf 83' lang='lat' dir='ltr'><strong>¹riratio</strong></span> <span class='ocrx_word' id='word_1_62' title='bbox 439 1717 616 1812; x_wconf 84' lang='lat' dir='ltr'><strong>quaedam</strong></span> <span class='ocrx_word' id='word_1_63' title='bbox 632 1713 829 1807; x_wconf 78' lang='lat' dir='ltr'><strong>accesserit,</strong></span> <span class='ocrx_word' id='word_1_64' title='bbox 847 1715 1157 1811; x_wconf 79' lang='lat' dir='ltr'><strong>-neseioqueutam</strong></span> <span class='ocrx_word' id='word_1_65' title='bbox 1173 1739 1291 1784; x_wconf 83' lang='lat' dir='ltr'><strong>rerum</strong></span> 
     </span>
     <span class='ocr_line' id='line_1_11' title="bbox 315 1845 1291 1943; baseline 0.002 -27"><span class='ocrx_word' id='word_1_66' title='bbox 315 1846 573 1943; x_wconf 84' lang='lat' dir='ltr'><strong>verborumque</strong></span> <span class='ocrx_word' id='word_1_67' title='bbox 598 1847 736 1942; x_wconf 86' lang='lat' dir='ltr'><strong>copiam</strong></span> <span class='ocrx_word' id='word_1_68' title='bbox 763 1855 879 1920; x_wconf 85' lang='lat' dir='ltr'><strong>tenere</strong></span> <span class='ocrx_word' id='word_1_69' title='bbox 894 1848 1077 1942; x_wconf 85' lang='lat' dir='ltr'><strong>possimus.</strong></span> <span class='ocrx_word' id='word_1_70' title='bbox 1116 1845 1291 1932; x_wconf 78' lang='lat' dir='ltr'><strong>Creberri·</strong></span> 
     </span>
     <span class='ocr_line' id='line_1_12' title="bbox 209 1973 1289 2082; baseline -0.002 -32"><span class='ocrx_word' id='word_1_71' title='bbox 209 1973 212 1988; x_wconf 81' lang='grc'><strong>’</strong></span> <span class='ocrx_word' id='word_1_72' title='bbox 313 1997 383 2050; x_wconf 85' lang='lat' dir='ltr'><strong>me·</strong></span> <span class='ocrx_word' id='word_1_73' title='bbox 397 1977 524 2076; x_wconf 73' lang='lat' dir='ltr'><strong>magud</strong></span> <span class='ocrx_word' id='word_1_74' title='bbox 555 1983 674 2050; x_wconf 84' lang='lat' dir='ltr'><strong>rerum</strong></span> <span class='ocrx_word' id='word_1_75' title='bbox 699 1977 803 2073; x_wconf 75' lang='lat' dir='ltr'><strong>eopid&#39;</strong></span> <span class='ocrx_word' id='word_1_76' title='bbox 826 1975 1136 2082; x_wconf 61' lang='lat' dir='ltr'><strong>commemorandis</strong></span> <span class='ocrx_word' id='word_1_77' title='bbox 1160 1978 1198 2048; x_wconf 90' lang='lat' dir='ltr'><strong>in</strong></span> <span class='ocrx_word' id='word_1_78' title='bbox 1221 1978 1289 2073; x_wconf 74' lang='lat' dir='ltr'><strong>qud</strong></span> 
     </span>
     <span class='ocr_line' id='line_1_13' title="bbox 315 2096 1288 2204; baseline -0.002 -22"><span class='ocrx_word' id='word_1_79' title='bbox 315 2112 511 2182; x_wconf 86' lang='lat' dir='ltr'><strong>timendum</strong></span> <span class='ocrx_word' id='word_1_80' title='bbox 527 2122 594 2197; x_wconf 80' lang='lat' dir='ltr'><strong>est,</strong></span> <span class='ocrx_word' id='word_1_81' title='bbox 612 2135 658 2180; x_wconf 87' lang='lat' dir='ltr'><strong>ne</strong></span> <span class='ocrx_word' id='word_1_82' title='bbox 669 2110 726 2180; x_wconf 81' lang='lat' dir='ltr'><strong>rel</strong></span> <span class='ocrx_word' id='word_1_83' title='bbox 743 2110 884 2204; x_wconf 81' lang='lat' dir='ltr'><strong>ordine,</strong></span> <span class='ocrx_word' id='word_1_84' title='bbox 900 2110 965 2181; x_wconf 84' lang='lat' dir='ltr'><strong>&#39;vel</strong></span> <span class='ocrx_word' id='word_1_85' title='bbox 981 2096 1128 2190; x_wconf 69' lang='lat' dir='ltr'><strong>numer&#39;o</strong></span> <span class='ocrx_word' id='word_1_86' title='bbox 1144 2108 1288 2194; x_wconf 82' lang='lat' dir='ltr'><strong>destitu-</strong></span> 
     </span>
    </p>
   </div>
   <div class='ocr_carea' id='block_1_7' title="bbox 311 2238 1410 2474">
    <p class='ocr_par' dir='ltr' id='par_1_8' title="bbox 311 2238 1410 2474">
     <span class='ocr_line' id='line_1_14' title="bbox 312 2238 1323 2336; baseline -0.002 -26"><span class='ocrx_word' id='word_1_87' title='bbox 312 2259 431 2332; x_wconf 63' lang='lat' dir='ltr'><strong>&#39;amur3</strong></span> <span class='ocrx_word' id='word_1_88' title='bbox 446 2263 451 2290; x_wconf 68' lang='lat'><em>⁴</em></span> <span class='ocrx_word' id='word_1_89' title='bbox 468 2240 556 2310; x_wconf 81' lang='lat' dir='ltr'><strong>vires</strong></span> <span class='ocrx_word' id='word_1_90' title='bbox 577 2241 653 2332; x_wconf 82' lang='lat' dir='ltr'><strong>ejus</strong></span> <span class='ocrx_word' id='word_1_91' title='bbox 668 2241 866 2336; x_wconf 71' lang='lat' dir='ltr'><strong>periclitari</strong></span> <span class='ocrx_word' id='word_1_92' title='bbox 893 2240 1075 2313; x_wconf 85' lang='lat' dir='ltr'><strong>debemus.</strong></span> <span class='ocrx_word' id='word_1_93' title='bbox 1132 2238 1288 2326; x_wconf 83' lang='lat' dir='ltr'><strong>Deinde,</strong></span> <span class='ocrx_word' id='word_1_94' title='bbox 1314 2285 1323 2308; x_wconf 80' lang='grc'><strong>.</strong></span> 
     </span>
     <span class='ocr_line' id='line_1_15' title="bbox 311 2365 1410 2474; baseline -0.004 -32"><span class='ocrx_word' id='word_1_95' title='bbox 311 2365 544 2468; x_wconf 75' lang='lat' dir='ltr'><strong>quaeermque</strong></span> <span class='ocrx_word' id='word_1_96' title='bbox 560 2371 783 2474; x_wconf 77' lang='lat' dir='ltr'><strong>didicerimus</strong></span> <span class='ocrx_word' id='word_1_97' title='bbox 798 2371 994 2466; x_wconf 81' lang='lat' dir='ltr'><strong>saepissime</strong></span> <span class='ocrx_word' id='word_1_98' title='bbox 1012 2370 1059 2441; x_wconf 88' lang='lat' dir='ltr'><strong>ab</strong></span> <span class='ocrx_word' id='word_1_99' title='bbox 1073 2370 1191 2442; x_wconf 90' lang='lat' dir='ltr'><strong>animo</strong></span> <span class='ocrx_word' id='word_1_100' title='bbox 1207 2395 1289 2443; x_wconf 89' lang='lat' dir='ltr'><strong>nos·</strong></span> <span class='ocrx_word' id='word_1_101' title='bbox 1409 2365 1410 2430; x_wconf 64' lang='grc' dir='ltr'><strong>ἶ</strong></span> 
     </span>
    </p>
   </div>
   <div class='ocr_carea' id='block_1_8' title="bbox 308 2493 1290 2734">
    <p class='ocr_par' dir='ltr' id='par_1_9' title="bbox 308 2493 1290 2734">
     <span class='ocr_line' id='line_1_16' title="bbox 309 2493 1290 2598; baseline -0.001 -27"><span class='ocrx_word' id='word_1_102' title='bbox 309 2515 362 2571; x_wconf 91' lang='lat' dir='ltr'><strong>tro</strong></span> <span class='ocrx_word' id='word_1_103' title='bbox 400 2527 584 2598; x_wconf 85' lang='lat' dir='ltr'><strong>reposcere</strong></span> <span class='ocrx_word' id='word_1_104' title='bbox 617 2527 675 2591; x_wconf 83' lang='lat' dir='ltr'><strong>aa,</strong></span> <span class='ocrx_word' id='word_1_105' title='bbox 709 2493 900 2573; x_wconf 87' lang='lat' dir='ltr'><strong>reluetante</strong></span> <span class='ocrx_word' id='word_1_106' title='bbox 918 2502 1031 2572; x_wconf 66' lang='lat' dir='ltr'><strong>*etiam</strong></span> <span class='ocrx_word' id='word_1_107' title='bbox 1056 2502 1199 2593; x_wconf 72' lang='lat' dir='ltr'><strong>naturai,</strong></span> <span class='ocrx_word' id='word_1_108' title='bbox 1236 2523 1290 2570; x_wconf 85' lang='lat' dir='ltr'><strong>er-</strong></span> 
     </span>
     <span class='ocr_line' id='line_1_17' title="bbox 308 2631 1286 2734; baseline -0.005 -30"><span class='ocrx_word' id='word_1_109' title='bbox 308 2653 474 2729; x_wconf 77' lang='lat' dir='ltr'><strong>promere</strong></span> <span class='ocrx_word' id='word_1_110' title='bbox 492 2635 640 2731; x_wconf 87' lang='lat' dir='ltr'><strong>perutile</strong></span> <span class='ocrx_word' id='word_1_111' title='bbox 665 2636 750 2730; x_wconf 53' lang='lat' dir='ltr'><strong>erit„</strong></span> <span class='ocrx_word' id='word_1_112' title='bbox 787 2634 1099 2734; x_wconf 85' lang='lat' dir='ltr'><strong>Quemadmodum</strong></span> <span class='ocrx_word' id='word_1_113' title='bbox 1115 2633 1210 2708; x_wconf 89' lang='lat' dir='ltr'><strong>enim</strong></span> <span class='ocrx_word' id='word_1_114' title='bbox 1225 2631 1286 2701; x_wconf 86' lang='lat' dir='ltr'><strong>ha-</strong></span> 
     </span>
    </p>
   </div>
   <div class='ocr_carea' id='block_1_9' title="bbox 171 2751 1339 2997">
    <p class='ocr_par' dir='ltr' id='par_1_10' title="bbox 171 2751 1339 2997">
     <span class='ocr_line' id='line_1_18' title="bbox 307 2751 1339 2860; baseline 0.002 -26"><span class='ocrx_word' id='word_1_115' title='bbox 307 2767 425 2836; x_wconf 81' lang='lat' dir='ltr'><strong>laenes</strong></span> <span class='ocrx_word' id='word_1_116' title='bbox 436 2766 591 2860; x_wconf 72' lang='lat' dir='ltr'><strong>¹aliaque</strong></span> <span class='ocrx_word' id='word_1_117' title='bbox 604 2773 758 2838; x_wconf 78' lang='lat' dir='ltr'><strong>monstra</strong></span> <span class='ocrx_word' id='word_1_118' title='bbox 772 2764 945 2840; x_wconf 80' lang='lat' dir='ltr'><strong>maritima</strong></span> <span class='ocrx_word' id='word_1_119' title='bbox 956 2751 1154 2858; x_wconf 75' lang='lat' dir='ltr'><strong>pungendo</strong></span> <span class='ocrx_word' id='word_1_120' title='bbox 1167 2787 1209 2831; x_wconf 86' lang='lat' dir='ltr'><strong>ao</strong></span> <span class='ocrx_word' id='word_1_121' title='bbox 1227 2762 1285 2832; x_wconf 91' lang='lat' dir='ltr'><strong>de·</strong></span> <span class='ocrx_word' id='word_1_122' title='bbox 1335 2826 1339 2836; x_wconf 92' lang='lat'>.</span> 
     </span>
     <span class='ocr_line' id='line_1_19' title="bbox 171 2890 1286 2997; baseline -0.004 -33"><span class='ocrx_word' id='word_1_123' title='bbox 171 2949 177 2964; x_wconf 86' lang='lat'>.</span> <span class='ocrx_word' id='word_1_124' title='bbox 274 2915 276 2921; x_wconf 66' lang='grc'><strong>“</strong></span> <span class='ocrx_word' id='word_1_125' title='bbox 308 2893 486 2991; x_wconf 76' lang='lat' dir='ltr'><strong>fatigando</strong></span> <span class='ocrx_word' id='word_1_126' title='bbox 515 2893 616 2963; x_wconf 83' lang='lat' dir='ltr'><strong>facile</strong></span> <span class='ocrx_word' id='word_1_127' title='bbox 639 2893 899 2970; x_wconf 82' lang='lat' dir='ltr'><strong>abhominibus</strong></span> <span class='ocrx_word' id='word_1_128' title='bbox 916 2893 1100 2987; x_wconf 81' lang='lat' dir='ltr'><strong>comprimi</strong></span> <span class='ocrx_word' id='word_1_129' title='bbox 1116 2917 1159 2986; x_wconf 79' lang='lat' dir='ltr'><strong>ae</strong></span> <span class='ocrx_word' id='word_1_130' title='bbox 1175 2890 1286 2997; x_wconf 78' lang='lat' dir='ltr'><strong>evinci</strong></span> 
     </span>
    </p>
   </div>
   <div class='ocr_carea' id='block_1_10' title="bbox 299 3009 1285 4198">
    <p class='ocr_par' dir='ltr' id='par_1_11' title="bbox 299 3009 1285 3381">
     <span class='ocr_line' id='line_1_20' title="bbox 307 3009 1284 3120; baseline -0.003 -25"><span class='ocrx_word' id='word_1_131' title='bbox 307 3026 485 3118; x_wconf 86' lang='lat' dir='ltr'><strong>videmus,</strong></span> <span class='ocrx_word' id='word_1_132' title='bbox 503 3025 556 3096; x_wconf 18' lang='lat' dir='ltr'><strong>ita*</strong></span> <span class='ocrx_word' id='word_1_133' title='bbox 569 3049 712 3120; x_wconf 84' lang='lat' dir='ltr'><strong>quoque</strong></span> <span class='ocrx_word' id='word_1_134' title='bbox 729 3024 910 3103; x_wconf 78' lang='lat' dir='ltr'><strong>excitando</strong></span> <span class='ocrx_word' id='word_1_135' title='bbox 926 3048 968 3094; x_wconf 87' lang='lat' dir='ltr'><strong>ac</strong></span> <span class='ocrx_word' id='word_1_136' title='bbox 978 3024 1078 3118; x_wconf 86' lang='lat' dir='ltr'><strong>quasi</strong></span> <span class='ocrx_word' id='word_1_137' title='bbox 1087 3009 1284 3120; x_wconf 87' lang='lat' dir='ltr'><strong>torquendo</strong></span> 
     </span>
     <span class='ocr_line' id='line_1_21' title="bbox 299 3152 1285 3252; baseline -0.001 -29"><span class='ocrx_word' id='word_1_138' title='bbox 299 3158 452 3225; x_wconf 86' lang='lat' dir='ltr'><strong>¹omnem</strong></span> <span class='ocrx_word' id='word_1_139' title='bbox 467 3158 657 3230; x_wconf 84' lang='lat' dir='ltr'><strong>memoriae</strong></span> <span class='ocrx_word' id='word_1_140' title='bbox 673 3157 868 3236; x_wconf 80' lang='lat' dir='ltr'><strong>tarditatem</strong></span> <span class='ocrx_word' id='word_1_141' title='bbox 877 3152 1285 3252; x_wconf 19' lang='lat' dir='ltr'><strong>xetnepligentiam&#39;iniu-</strong></span> 
     </span>
     <span class='ocr_line' id='line_1_22' title="bbox 306 3285 700 3381; baseline 0.003 -25"><span class='ocrx_word' id='word_1_142' title='bbox 306 3307 387 3380; x_wconf 81' lang='lat' dir='ltr'><strong>gam</strong></span> <span class='ocrx_word' id='word_1_143' title='bbox 400 3309 502 3381; x_wconf 78' lang='lat' dir='ltr'><strong>agere</strong></span> <span class='ocrx_word' id='word_1_144' title='bbox 512 3285 700 3362; x_wconf 86' lang='lat' dir='ltr'><strong>debemus.</strong></span> 
     </span>
    </p>

    <p class='ocr_par' dir='ltr' id='par_1_12' title="bbox 301 3387 1284 4198">
     <span class='ocr_line' id='line_1_23' title="bbox 356 3387 1284 3518; baseline 0 -34"><span class='ocrx_word' id='word_1_145' title='bbox 356 3413 469 3518; x_wconf 80' lang='lat' dir='ltr'><strong>Atqui</strong></span> <span class='ocrx_word' id='word_1_146' title='bbox 479 3417 665 3510; x_wconf 86' lang='lat' dir='ltr'><strong>memoria,</strong></span> <span class='ocrx_word' id='word_1_147' title='bbox 686 3397 910 3513; x_wconf 86' lang='lat' dir='ltr'><strong>quantumvis</strong></span> <span class='ocrx_word' id='word_1_148' title='bbox 925 3429 1045 3505; x_wconf 74' lang='lat' dir='ltr'><strong>tenax,</strong></span> <span class='ocrx_word' id='word_1_149' title='bbox 1072 3416 1189 3505; x_wconf 70' lang='lat' dir='ltr'><strong>nullos</strong></span> <span class='ocrx_word' id='word_1_150' title='bbox 1206 3387 1284 3484; x_wconf 83' lang='lat' dir='ltr'><strong>oni-</strong></span> 
     </span>
     <span class='ocr_line' id='line_1_24' title="bbox 301 3535 1282 3644; baseline 0.002 -28"><span class='ocrx_word' id='word_1_151' title='bbox 301 3535 389 3616; x_wconf 80' lang='lat' dir='ltr'><strong>nino</strong></span> <span class='ocrx_word' id='word_1_152' title='bbox 402 3546 643 3621; x_wconf 76' lang='lat' dir='ltr'><strong>frucmrnobis</strong></span> <span class='ocrx_word' id='word_1_153' title='bbox 654 3549 793 3642; x_wconf 80' lang='lat' dir='ltr'><strong>efferet,</strong></span> <span class='ocrx_word' id='word_1_154' title='bbox 811 3550 877 3628; x_wconf 84' lang='lat' dir='ltr'><strong>nisi</strong></span> <span class='ocrx_word' id='word_1_155' title='bbox 894 3574 953 3639; x_wconf 83' lang='lat' dir='ltr'><strong>ea,</strong></span> <span class='ocrx_word' id='word_1_156' title='bbox 971 3573 1062 3644; x_wconf 86' lang='lat' dir='ltr'><strong>quae</strong></span> <span class='ocrx_word' id='word_1_157' title='bbox 1078 3547 1282 3638; x_wconf 82' lang='lat' dir='ltr'><strong>didicimus,</strong></span> 
     </span>
     <span class='ocr_line' id='line_1_25' title="bbox 305 3676 1283 3776; baseline 0 -30"><span class='ocrx_word' id='word_1_158' title='bbox 305 3677 454 3751; x_wconf 83' lang='lat' dir='ltr'><strong>subinde</strong></span> <span class='ocrx_word' id='word_1_159' title='bbox 480 3681 718 3752; x_wconf 82' lang='lat' dir='ltr'><strong>emendatiora</strong></span> <span class='ocrx_word' id='word_1_160' title='bbox 741 3682 929 3776; x_wconf 85' lang='lat' dir='ltr'><strong>multisque</strong></span> <span class='ocrx_word' id='word_1_161' title='bbox 948 3681 1048 3762; x_wconf 78' lang='lat' dir='ltr'><strong>novis</strong></span> <span class='ocrx_word' id='word_1_162' title='bbox 1061 3677 1207 3749; x_wconf 84' lang='lat' dir='ltr'><strong>inventis</strong></span> <span class='ocrx_word' id='word_1_163' title='bbox 1222 3676 1283 3746; x_wconf 89' lang='lat' dir='ltr'><strong>ad·</strong></span> 
     </span>
     <span class='ocr_line' id='line_1_26' title="bbox 305 3791 1284 3906; baseline -0.001 -28"><span class='ocrx_word' id='word_1_164' title='bbox 305 3823 408 3880; x_wconf 79' lang='lat' dir='ltr'><strong>aucte</strong></span> <span class='ocrx_word' id='word_1_165' title='bbox 421 3810 576 3906; x_wconf 85' lang='lat' dir='ltr'><strong>proferre</strong></span> <span class='ocrx_word' id='word_1_166' title='bbox 592 3814 781 3890; x_wconf 83' lang='lat' dir='ltr'><strong>valeamus.</strong></span> <span class='ocrx_word' id='word_1_167' title='bbox 794 3833 797 3840; x_wconf 87' lang='grc'><em>·</em></span> <span class='ocrx_word' id='word_1_168' title='bbox 817 3811 915 3901; x_wconf 86' lang='lat' dir='ltr'><strong>Quid</strong></span> <span class='ocrx_word' id='word_1_169' title='bbox 930 3791 1030 3882; x_wconf 89' lang='lat' dir='ltr'><strong>enim</strong></span> <span class='ocrx_word' id='word_1_170' title='bbox 1039 3811 1096 3900; x_wconf 79' lang='lat' dir='ltr'><strong>hi,</strong></span> <span class='ocrx_word' id='word_1_171' title='bbox 1124 3809 1186 3906; x_wconf 83' lang='lat' dir='ltr'><strong>qui</strong></span> <span class='ocrx_word' id='word_1_172' title='bbox 1201 3808 1284 3902; x_wconf 92' lang='lat' dir='ltr'><strong>psit·</strong></span> 
     </span>
     <span class='ocr_line' id='line_1_27' title="bbox 305 3939 1281 4040; baseline 0 -31"><span class='ocrx_word' id='word_1_173' title='bbox 305 3951 462 4012; x_wconf 88' lang='lat' dir='ltr'><strong>taeorum</strong></span> <span class='ocrx_word' id='word_1_174' title='bbox 481 3941 605 4032; x_wconf 85' lang='lat' dir='ltr'><strong>instar,</strong></span> <span class='ocrx_word' id='word_1_175' title='bbox 631 3969 673 4015; x_wconf 87' lang='lat' dir='ltr'><strong>ea</strong></span> <span class='ocrx_word' id='word_1_176' title='bbox 689 3967 781 4040; x_wconf 88' lang='lat' dir='ltr'><strong>quae</strong></span> <span class='ocrx_word' id='word_1_177' title='bbox 796 3944 905 4017; x_wconf 89' lang='lat' dir='ltr'><strong>semel</strong></span> <span class='ocrx_word' id='word_1_178' title='bbox 918 3942 1106 4017; x_wconf 88' lang='lat' dir='ltr'><strong>memoriae</strong></span> <span class='ocrx_word' id='word_1_179' title='bbox 1122 3939 1281 4028; x_wconf 78' lang='lat' dir='ltr'><strong>inculea-</strong></span> 
     </span>
     <span class='ocr_line' id='line_1_28' title="bbox 302 4070 1278 4198; baseline 0.005 -56"><span class='ocrx_word' id='word_1_180' title='bbox 302 4083 401 4198; x_wconf 73' lang='lat' dir='ltr'><strong>runt,</strong></span> <span class='ocrx_word' id='word_1_181' title='bbox 413 4070 561 4146; x_wconf 80' lang='lat' dir='ltr'><strong>fideliter</strong></span> <span class='ocrx_word' id='word_1_182' title='bbox 567 4099 707 4171; x_wconf 89' lang='lat' dir='ltr'><strong>semper</strong></span> <span class='ocrx_word' id='word_1_183' title='bbox 715 4073 887 4164; x_wconf 72' lang='lat' dir='ltr'><strong>referunt,</strong></span> <span class='ocrx_word' id='word_1_184' title='bbox 899 4074 996 4149; x_wconf 89' lang='lat' dir='ltr'><strong>aliud</strong></span> <span class='ocrx_word' id='word_1_185' title='bbox 1006 4085 1133 4171; x_wconf 70' lang='lat' dir='ltr'><strong>agunt,</strong></span> <span class='ocrx_word' id='word_1_186' title='bbox 1148 4088 1278 4170; x_wconf 62' lang='lat' dir='ltr'><strong>quarm</strong></span> 
     </span>
    </p>
   </div>
   <div class='ocr_carea' id='block_1_11' title="bbox 0 0 1442 5026">
    <p class='ocr_par' dir='ltr' id='par_1_13' title="bbox 0 0 1442 5026">
     <span class='ocr_line' id='line_1_29' title="bbox 0 0 1442 5026; baseline 0 7"><span class='ocrx_word' id='word_1_187' title='bbox 0 0 1442 5026; x_wconf 95' lang='lat' dir='ltr'><strong> </strong></span> 
     </span>
    </p>
   </div>
  </div>
 </body>
</html>
