2876 5026
760 421 967 516 24..

299 658 434 728 unimus
447 657 521 750 ejus
535 653 622 726 lonis
640 676 681 724 no
695 651 881 748 placabilis
891 653 938 724 uh
949 655 1046 726 omni
1056 653 1175 730 odiosi
1190 680 1272 730 oon-

296 790 448 862 tentione
465 813 507 860 ao
522 786 711 860 offensione
727 787 975 864 abhorruisset.
1189 885 1195 898 ι

221 985 223 990 .
343 921 554 1018 Hujusmodi
567 921 951 1018 sermones‚inqoibus
965 923 1116 1018 quisque
1126 947 1271 1017 eorum,

182 1085 185 1096 ·
295 1058 393 1155 quod
408 1055 538 1128 sciebat
553 1051 726 1150 proferre,
744 1054 841 1150 quod
858 1079 1070 1152 cognoscere
1088 1055 1251 1152 cupiebat
1256 1111 1277 1146 ,‚

294 1189 341 1268 nb
367 1189 476 1260 altero
502 1197 657 1282 repetere
684 1183 842 1278 solebat,
870 1199 1128 1283 nonpoterent
1143 1188 1184 1260 iis
1200 1213 1273 1260 non

188 1291 192 1304 .
294 1322 393 1392 utiles
409 1343 450 1390 eo
468 1344 542 1390 non
549 1317 701 1412 jucundi
716 1341 801 1392 esse.
819 1317 908 1414 (³⁰).

337 1448 1269 1547 ,Dumoronuzqoemorahatmos1ooii‚bmtfiofls

293 1585 361 1656 suis
375 1585 465 1656 eires
475 1581 698 1655 mutifariam
708 1581 772 1654 sibi
789 1581 978 1668 obstrinxit.
1007 1570 1159 1654 Musioes
1174 1583 1270 1654 enim

293 1717 367 1811 ejus
389 1715 561 1812 studium,
590 1714 690 1811 quod
716 1711 991 1810 Ferrariensium
1016 1715 1271 1786 consuetudine

249 1837 253 1849 ¹
292 1849 505 1946 valdequnm
530 1857 715 1934 exarserat,
743 1845 949 1946 Groniopoo
966 1846 1112 1918 minime
1126 1844 1270 1944 refrige-

293 1994 369 2054 tum
401 1993 452 2052 est
478 1993 513 2052 et
538 1981 714 2078 quidquid
733 1992 802 2080 ¹eut
827 1978 1007 2073 muneris,
1039 1992 1101 2052 uut
1125 1981 1272 2052 aliorum

297 2112 492 2182 studiorum
520 2123 713 2208 superesset
736 2123 896 2206 tempus,
922 2110 961 2182 id
981 2110 1131 2184 Musioes
1157 2114 1274 2184 studio

295 2241 563 2312 concedebatur.
599 2241 654 2312 ¹In
667 2265 742 2345 quo
753 2253 926 2337 quatenus
943 2243 1086 2336 tendent
1103 2267 1272 2338 pervene-

292 2374 336 2446 rit
364 2373 543 2444 luculento
568 2371 697 2443 indicio
727 2371 859 2476 eiyibus
884 2372 1046 2443 ostendit.
1095 2371 1271 2470 Singulari

292 2508 387 2580 enim
404 2531 596 2603 enprorsus
610 2501 771 2576 inusitati
785 2517 858 2576 erte
872 2504 1050 2601 intemplo
1070 2531 1158 2578 o1v1
1173 2531 1272 2576 uin-

292 2665 374 2711 rrrr
400 2638 907 2735 lubricaritoolpioporpanoo
925 2679 975 2690 -
1009 2651 1149 2712 utamur
1176 2640 1270 2711 enim

293 2772 364 2842 hoe
378 2772 503 2861 verbo,
529 2795 612 2841 oum
626 2771 664 2840 in
679 2767 804 2840 Latind
815 2767 938 2866 linguat
953 2771 1031 2842 satis
1046 2784 1170 2866 aptum
1185 2772 1269 2844 huie

294 2905 344 2975 rei
365 2927 496 2976 nomen
517 2886 591 2975 nori
604 2900 831 2975 inveniamus.
862 2945 912 2956 -
938 2903 1047 2998 Cujus
1064 2906 1176 3002 operis
1193 2931 1272 2976 mo·

296 3039 445 3110 ohinatio
464 3025 586 3120 ,hodie
602 3061 762 3136 quoque,
789 3050 960 3135 quatenus
986 3041 1151 3136 supersit,
1192 3041 1271 3127 ido7

295 3193 380 3240 neos
407 3172 512 3264 hujus
529 3172 587 3242 'rei
604 3171 741 3264 judices
766 3171 1009 3242 vehementem
1033 3173 1071 3242 in
1088 3174 1267 3247 admirati-

297 3329 402 3375 onem
417 3303 618 3408 repit(³¹).
677 3302 813 3376 Verum
838 3305 926 3376 haee
958 3283 1086 3376 summi
1110 3307 1175 3378 riri
1199 3319 1273 3378 erat

296 3440 450 3530 indoles,
480 3453 520 3511 ut
529 3495 543 3530 ,
570 3464 652 3510 oum
674 3441 713 3509 in
737 3465 950 3537 quaoimque
973 3465 1012 3513 re
1038 3441 1173 3536 primus
1197 3465 1271 3512 esse

201 3581 202 3584 ’
297 3585 430 3672 posset,
460 3571 552 3664 ¹nihil
566 3571 763 3660 modinum,
789 3573 841 3642 nil
855 3571 921 3642 nisi
938 3570 1271 3667 omnibus'pnrtibus

241 3697 243 3712 Ὺ
299 3709 497 3780 absolutum
521 3728 562 3774 ne
588 3703 781 3800 perlectum
798 3729 819 3774 e
836 3716 872 3780 se
885 3703 1057 3798 proficisci
1073 3707 1188 3778 vellet.

236 3937 237 3942 ἵ
346 3838 463 3911 Nihilo
474 3839 582 3913 senius
594 3839 724 3926 vixest,
740 3837 837 3933 quod
851 3838 1066 3933 interpretari
1078 3839 1269 3934 possimus,

300 3955 478 4067 quomodo
493 3971 544 4040 vir
559 3969 721 4062 enindus,
739 3969 799 4064 qui
815 3990 851 4039 se
868 3979 980 4040 totum
989 3971 1095 4042 literis
1106 3971 1269 4059 dederat,
