2876 5026
639 467 721 574 21⁸

173 701 364 776 honorifica
385 725 531 774 munera
556 703 590 773 ei
605 702 722 774 oblata
736 712 838 793 sunt3
867 722 958 797 quae
975 725 1057 772 vero
1071 724 1148 773 om-

175 835 234 905 nia
259 834 411 927 humane
437 835 618 906 recusavit.
657 831 770 906 Nullis
794 832 943 930 publicis
976 835 1142 931 negotiis,

175 995 220 1040 ne
244 969 363 1040 studiis
379 970 447 1040 suis
464 969 646 1061 obessent,
676 992 820 1061 verens,
847 989 884 1040 se
899 967 1068 1063 implicari
1077 993 1149 1064 pa.-

173 1100 334 1174 tiehatur,
374 1099 487 1173 Satius
503 1102 600 1174 enim
615 1100 787 1193 ducebat,
799 1099 947 1200 liberam
960 1099 1067 1170 vitam
1081 1100 1146 1170 de-
1240 1174 1242 1183 ,

173 1257 254 1328 gere
279 1234 454 1331 literisque
478 1233 744 1330 elegantioribus
771 1257 910 1304 omnem
924 1255 1068 1326 operam
1084 1243 1145 1301 na-

174 1390 281 1459 vare,
308 1354 416 1463 quam
440 1368 657 1464 amplissimis
683 1365 874 1438 honoribus
898 1365 1144 1461 stipendiisque

174 1499 267 1570 laute
290 1491 380 1586 frui(
413 1500 555 1572 Interea.
575 1500 676 1574 aeriis
697 1500 734 1570 in
753 1497 862 1591 locis,
887 1498 1034 1574 maxime
1057 1497 1143 1570 Gro-

177 1634 305 1728 nioqae
328 1643 364 1701 et
389 1629 607 1730 Nooebmaqi
617 1629 857 1724 dometium,
884 1629 963 1723 rel,
981 1641 1020 1701 ut
1034 1629 1083 1700 ita
1095 1627 1146 1698 di-

65 1829 67 1834 ,
176 1785 280 1854 carn,
314 1763 540 1836 diversorium
567 1787 670 1836 suum
693 1762 834 1834 habaiu
877 1759 1040 1838 Tandem
1061 1782 1148 1832 vero·

174 1895 420 1993 Groningamus
446 1910 583 1970 senatus
610 1897 656 1966 ab
674 1920 717 1968 eo
732 1897 949 1993 impetrarit,
976 1908 1016 1967 ut
1031 1893 1145 1992 syndi-

177 2027 209 2096 ci
220 2026 296 2124 (²⁸)
312 2029 382 2098 sive
399 2027 579 2100 consiliarii
596 2025 787 2100 officia'sibi
801 2027 942 2102 obtrudi
955 2039 1151 2122 pateretur.¹

129 2255 133 2263 ⁸
177 2158 300 2249 Qumn
328 2162 423 2234 enim
444 2162 548 2256 hujus
570 2161 767 2258 provinciae
789 2185 874 2236 cura
897 2185 969 2236 non
992 2147 1145 2236 multum

176 2293 340 2387 temporis
358 2294 420 2364 sibi
439 2295 660 2389 deposceret,
687 2295 792 2389 hujus
803 2307 940 2368 senatus
957 2294 1145 2392 rogationi-

175 2424 252 2516 bus
267 2450 338 2496 non
364 2428 512 2522 amplius
538 2428 765 2500 resistendum
790 2455 862 2502 esse
884 2429 1029 2526 putarit.
1071 2425 1145 2500 Sed

75 2597 84 2615 ·
175 2558 363 2628 accedebat
378 2561 508 2653 etiam,
524 2585 596 2657 quo
610 2563 720 2658 magis
735 2555 819 2633 uibs
832 2563 943 2658 patria
964 2562 997 2633 ei
1016 2561 1144 2634 arrida-

172 2688 250 2760 bat„
282 2689 490 2762 Wnssucus
512 2693 917 2786 emmerammianos,
936 2683 1145 2790 quocumet

172 2821 339 2892 amicitiae
362 2824 612 2895 necessitudine
637 2824 840 2918 conjunctus
860 2837 934 2896 erat
953 2839 988 2898 et
1004 2827 1143 2922 sapien·-

171 2951 238 3023 tiae
262 2954 384 3025 ardore
401 2953 542 3027 mirifice
556 2957 799 3052 conspirabat,
829 2956 1036 3058 Graeciaque
1052 2971 1143 3032 aeta·

173 3094 246 3156 tem
267 3087 406 3182 agebat.
444 3087 563 3183 Quid,
596 3093 751 3187 quaeso,
778 3116 993 3163 acaronita
1007 3147 1020 3186 ‚,
1045 3107 1142 3192 post-

174 3239 283 3328 quam
309 3218 520 3294 Ferrm'cm
533 3277 550 3315 ,.
570 3224 738 3319 optimam
762 3225 860 3296 illam
883 3225 1065 3299 Musarum
1087 3254 1141 3301 aee

174 3345 284 3439 dem,
308 3349 503 3424 deseruerat
516 3408 528 3446 ‚.
542 3354 731 3448 jucundius
747 3413 757 3453 ,
776 3359 864 3456 quid
880 3361 1064 3455 optabilius
1076 3362 1140 3433 uti-

172 3480 281 3551 liusve
305 3483 461 3555 accidere
481 3498 637 3584 poterat,
666 3517 776 3588 quam
790 3493 880 3564 tanti
892 3494 975 3566 sccii
991 3496 1140 3592 quotidi-

173 3589 357 3686 anususns
370 3639 416 3686 ac
427 3615 634 3694 familiaritas
644 3625 661 3694 i
670 3667 719 3678 —
733 3623 810 3698 Etsi
821 3627 1022 3700 eruditionis
1038 3629 1139 3726 copia
1247 3703 1249 3711 .

172 3744 209 3814 in
234 3758 381 3845 utroque
396 3748 468 3822 fere
481 3777 546 3848 par
559 3768 646 3826 esset
662 3811 671 3850 ,
699 3757 834 3830 diversa
849 3771 967 3832 tamen
984 3773 1058 3833 erat
1072 3773 1141 3834 stu-

173 3877 309 3951 diorum
323 3883 421 3954 ratio.
448 3883 657 3960 Wnssrirus
671 3891 818 3988 quidem
827 3891 1021 3966 etGraecos
1035 3893 1148 3969 utba--

159 4010 262 4082 ‘tinos
277 4015 454 4110 scriptores
466 4018 538 4093 iere
557 4045 677 4096 omnes
696 4025 890 4124 perlegerat
906 4041 941 4098 et
955 4040 1140 4129 utramque

119 4187 130 4212 .
173 4139 326 4238 linfflram
337 4151 416 4224 sads
430 4167 590 4228 accurate
604 4170 758 4230 noverat.
793 4157 929 4234 Verum
945 4187 1143 4266 asareem
