2876 5026
259 685 364 754 'clare
382 681 530 771 sciebat,
554 679 686 753 torum
706 682 849 778 respuit.
894 683 1049 756 Patriam
1063 697 1243 781 repetens,

272 817 375 887 variis
400 818 437 886 in
460 813 567 908 locis,
583 814 786 910 politiorum
814 815 1007 886 amicorum
1032 817 1248 890 consortione

271 971 372 1038 usus,
403 957 551 1020 aetatem
575 944 679 1040 degit.
740 943 902 1035 Quorum
923 969 1029 1016 nemo
1041 971 1155 1040 unus,
1181 947 1246 1018 nisi

271 1076 319 1148 ab
344 1077 439 1147 omni
465 1087 564 1172 parte
585 1075 758 1170 limatior,
785 1075 1027 1172 intelligentior
1043 1077 1247 1175 doctiorque

271 1208 318 1279 ab
332 1231 376 1280 eo
391 1207 547 1278 decessit.

319 1340 464 1410 Interim
479 1361 651 1410 rosnnns
667 1359 932 1427 ostsuaorus,
950 1335 1092 1409 Comitis
1107 1361 1247 1408 rnrnrr·
1288 1367 1295 1380 ·

272 1495 323 1564 rr,
344 1469 512 1542 Electoris
522 1469 688 1564 Palatini,
702 1468 953 1565 Cancellarius,
969 1493 1125 1566 quarm
1140 1493 1246 1541 soar·
1293 1557 1297 1566 ,

270 1627 365 1674 cons
393 1615 429 1675 et
453 1604 649 1674 studiorum
675 1624 849 1682 consensu
874 1613 909 1672 et
938 1571 1087 1672 arnicitil
1110 1600 1247 1672 Ferru-

265 1739 345 1805 riee
365 1728 644 1827 conjunctissime
660 1732 818 1826 vixerat,
837 1725 1243 1806 Wormatiemis‘Eccle-

266 1865 335 1938 siae
354 1865 550 1961 Episcopus
571 1877 705 1937 creatus
727 1876 789 1935 est.
829 1861 896 1934 Hic
916 1863 1035 1958 igitur,
1059 1886 1167 1959 quem
1182 1863 1244 1933 diu

268 1998 522 2068 desideraverat
548 2021 766 2068 carrucata
796 1996 1041 2093 quotidianum
1063 2019 1168 2066 usum
1191 1995 1243 2065 in-
1289 1993 1292 1999 ’

268 2141 422 2199 staurare
447 2141 529 2199 ante
554 2131 673 2200 omnia
698 2128 873 2224 cupiebat.
919 2126 1056 2220 Quare,
1078 2128 1243 2197 continuo

267 2285 332 2357 per
355 2285 601 2332 rnnooonmr
630 2287 910 2354 sinnaritanus,
947 2261 1045 2356 apud
1071 2259 1243 2336 Comitem

266 2393 468 2465 Palatinum
481 2417 505 2462 a
520 2393 688 2486 consiliis,
709 2393 910 2488 epistolam,
937 2394 1091 2464 amicum
1104 2392 1244 2464 Heidel-

265 2523 411 2621 harpam
427 2523 597 2594 arcessivit
610 2522 640 2618 (³
649 2522 697 2620 4)·.

314 2656 524 2728 Aoumoni
547 2657 635 2736 dum
652 2655 800 2754 Campis
815 2655 1037 2747 morabatur,
1060 2677 1238 2724 riarum·

266 2810 357 2857 enar
372 2788 508 2880 literas,
525 2787 756 2860 illustrissimis
772 2787 970 2882 quibusque
986 2785 1238 2880 pollicitationi·

265 2911 350 3014 bus',
366 2920 547 3014 precibus,
560 2919 800 3014 amicitiaeque
812 2917 1104 2991 testificationibus
1114 2919 1239 3014 opple-

194 3109 197 3116 .
241 3064 316 3140 ,tas
342 3053 487 3146 accepit.
532 3049 584 3123 Ut
611 3051 774 3146 arrepuit-
791 3073 872 3142 eas,
905 3062 944 3120 ut
959 3049 1122 3146 perlegit,
1144 3045 1240 3119 tanti

264 3181 497 3254 benivolentii
516 3183 708 3290 veterisque
725 3181 984 3252 consuetudinis
1002 3180 1241 3258 recordatione
1284 3217 1286 3222 v
1311 3209 1320 3222 ·

156 3375 160 3384 .
263 3307 377 3384 statim
393 3307 523 3388 evictus
539 3326 600 3385 est.
635 3312 760 3409 Neque
777 3313 881 3410 igitur
895 3303 1023 3384 itineris
1037 3312 1238 3409 longitudo,

262 3471 329 3516 nec
349 3438 568 3517 difficultates
582 3446 751 3542 impedire
763 3413 941 3540 poterant,
963 3429 1159 3542 quominus
1166 3427 1239 3514 sine

262 3576 335 3648 ulls
357 3575 456 3647 mort
473 3575 743 3674 Heidelberpum
757 3575 1049 3672 proficisceretur,
1076 3574 1134 3646 vel
1147 3571 1239 3668 poti-
1337 3589 1340 3598 ’

164 3797 166 3802 Ι
261 3733 303 3780 us
322 3709 531 3801 advolaret,
552 3700 746 3778 amicorum
766 3697 943 3778 desideriis
957 3731 1092 3778 morem
1108 3714 1240 3802 gereret

261 3839 459 3936 priorisque
486 3823 722 3912 familiaritatis
752 3862 859 3909 nexus
888 3848 1080 3909 renouaret.
1133 3833 1240 3906 Venit

261 3968 552 4070 Horatiosque,
580 3971 707 4042 urbem
732 3969 927 4066 copiosam,
954 3969 1166 4065 optimarum
1185 3987 1237 4036 cr-

261 4101 349 4172 tium
377 4125 419 4174 ao
440 4091 703 4198 disciplinarum
726 4103 765 4172 in
786 4098 989 4202 Germanii
1004 4099 1066 4174 illo
1081 4113 1238 4198 tempore
