2876 5026
742 487 787 558 16

279 718 385 791 Hunc
400 719 503 817 igitur
526 744 719 794 roriconi
744 721 909 793 continuo
919 773 932 808 ,
960 717 1023 790 ubi
1038 717 1256 798 Ferrariam

280 851 439 946 advenit,
472 831 642 924 amicitiae
680 876 722 954 ac
758 824 994 924 familiaritatis
1023 851 1164 924 vinculo
1191 851 1256 924 sibi

279 985 507 1078 conjunctum
515 985 653 1057 habuit.
680 983 794 1078 Hujus
803 983 1109 1080 rogatuadductns
1120 985 1257 1080 saepius

278 1115 491 1187 orationibus
524 1117 593 1186 suis
626 1116 808 1187 luculenta
831 1115 1009 1185 masculae
1037 1113 1258 1210 eloquentiae
1306 1109 1311 1120 ’

190 1323 194 1330 ,
278 1243 1257 1342 speciminaFerrariemibusdeditaesroom,quorum,

278 1379 342 1448 etsi
362 1379 462 1450 nulla
482 1377 584 1450 nohis
608 1377 816 1449 admiranda
832 1377 1001 1472 supersit,
1020 1375 1086 1448 uisi
1101 1400 1166 1466 ea,
1188 1401 1260 1473 qua

277 1508 519 1606 philosophiae
548 1510 767 1605 aliarumque
798 1509 926 1579 artium
952 1507 1108 1580 studium
1135 1507 1259 1580 diserte

279 1643 503 1713 commendat
511 1696 525 1732 ,
538 1643 616 1737 jam
629 1639 715 1712 satis‘
723 1641 913 1738 intelligere
927 1663 1129 1735 possumus,
1148 1647 1259 1748 quen·

277 1782 314 1841 ta
334 1772 513 1867 voluptate
531 1771 759 1844 limatissims
772 1770 1046 1844 Ferrariensium
1061 1793 1163 1840 aures
1179 1793 1260 1840 ora-

278 1915 334 1976 tor
359 1903 524 1976 affecerit.
558 1905 680 1978 Genus
696 1904 1012 1977 dicendiumatum
1021 1956 1035 1994 ,
1061 1901 1261 1999 praemuni·

278 2046 378 2123 tum,
395 2034 485 2104 nihil
500 2045 540 2104 ut
546 2033 757 2128 jucundius,
774 2033 864 2106 nihil
876 2046 916 2105 ut
925 2032 1118 2106 evidentius
1127 2029 1261 2128 excogi-

278 2167 344 2235 tari
356 2165 473 2261 possit.
509 2162 629 2234 Oratio
645 2188 755 2259 pura,
776 2166 939 2264 elegans,
962 2163 1261 2260 conspersaquasi

240 2349 248 2364 .
278 2296 467 2368 verborum
486 2295 805 2391 sententiarumque
820 2293 965 2366 floribus
977 2293 1151 2392 facileque
1167 2295 1261 2392 upti-

279 2401 398 2521 mum,
423 2451 466 2499 er
486 2452 562 2525 quo
586 2423 797 2524 deprompta
821 2438 890 2520 est,
919 2426 1111 2498 Latinitatis
1132 2409 1258 2499 aarum
1287 2445 1291 2452 '
1324 2439 1331 2450 ’

280 2561 408 2657 prodit.
472 2657 475 2669 Ι

329 2694 541 2792 Exsurgant,
559 2720 707 2793 quaeso,
724 2697 837 2768 insani
852 2697 907 2768 isti
920 2696 1085 2788 rabulae,
1114 2692 1177 2790 qui
1192 2691 1258 2763 ab·
1303 2659 1309 2670 ⁸
1338 2741 1342 2750 -

280 2827 430 2897 solutam
456 2828 683 2924 optimarum,
693 2829 820 2899 artium
838 2828 1034 2899 doctrinam
1049 2849 1134 2922 prae
1151 2823 1255 2895 sefe-

252 3031 254 3036 .
282 2961 380 3052 runt,
399 2958 748 3055 philosophiamque,
766 2984 875 3055 quam
889 2985 935 3030 nc
951 2970 1083 3030 norunt
1092 2957 1256 3054 quidem,

281 3102 412 3162 temere
442 3093 480 3162 in
507 3104 722 3163 contemtum
745 3115 870 3162 vocare
898 3116 939 3161 ac
964 3090 1147 3162 furibundi
1170 3089 1255 3160 alls·

284 3224 539 3298 nueaudentt
573 3224 828 3318 Acnrcorru,
858 3249 1009 3322 quaeso,
1038 3223 1175 3295 divinae
1191 3221 1261 3290 hu-

278 3353 337 3448 jus
363 3355 443 3424 artis
462 3327 695 3451 patrocinium
711 3358 973 3452 suscipientem,
995 3355 1140 3451 ejusque
1157 3375 1261 3448 prae-

196 3505 199 3522 ·
237 3469 243 3482 ’
285 3488 446 3560 stantiam
465 3488 604 3586 copiosd
625 3493 778 3564 oratione
796 3492 1050 3584 celebrantem,
1069 3488 1213 3559 audiant
1226 3495 1267 3555 et

284 3622 352 3692 nisi
383 3646 525 3692 omnem
550 3622 774 3697 humanitatis
789 3623 1010 3719 veritatisque
1026 3643 1167 3692 sensum
1182 3640 1264 3687 exu-

284 3755 391 3862 erint,
435 3773 635 3849 perversam
675 3781 775 3828 suam
815 3756 1036 3850 vituperandi
1071 3753 1261 3841 rationem,

284 3911 393 3984 quam
408 3887 563 3982 primum
577 3888 817 3958 exsecrabunt.
848 3885 905 3958 Ab
921 3887 981 3957 illo
992 3886 1087 3957 rudis
1098 3884 1175 3956 aevi
1184 3904 1264 3952 ora·

284 4029 358 4092 tore
378 4021 574 4116 eodemque
600 4020 731 4116 optimo
746 4019 956 4114 philosopho
971 4020 1192 4115 importunae
1207 4035 1261 4083 ra·

210 4213 214 4222 .
283 4145 353 4220 biei
375 4151 551 4222 medelam
567 4165 727 4247 repetant
741 4175 932 4250 veramque
949 4153 1047 4244 artis,
1076 4171 1185 4246 quam
1200 4144 1262 4217 diu
