2876 5026
479 465 514 498 ’·
615 464 664 533 'di

155 699 330 797 aspernati
354 701 452 789 sunt,
483 694 659 789 indolem,
687 699 1129 800 gravitatem‘dignitaoem.

157 859 229 930 que
255 832 466 904 edoceantur
489 842 525 901 et
550 842 611 901 aut
635 829 754 924 fallor,
784 846 845 905 aut
868 835 907 905 in
923 835 997 928 'ejus
1013 836 1130 908 caenis

157 968 304 1037 militare
322 965 545 1036 vehementer
560 965 817 1058 concupiscent.
856 965 972 1038 Tanta
988 966 1036 1038 ed
1052 991 1131 1063 per·

156 1098 397 1190 suadendum,
433 1108 529 1168 tanta
557 1095 607 1167 ad
618 1097 903 1170 adversariorum
921 1099 1132 1173 evincendos

158 1230 293 1300 animos
321 1229 373 1300 in*
392 1228 467 1322 ejus
499 1226 653 1298 oratione
684 1239 806 1324 regnat
831 1227 940 1300 viset
965 1227 1129 1302 efficacia
1206 1321 1207 1330 ἵ

160 1359 261 1450 Quae
287 1384 371 1431 cum
395 1360 442 1431 ita
462 1359 562 1452 sint,¹
576 1359 655 1456 quis
671 1358 935 1468 etiam-miratur
944 1414 957 1449 ,
975 1387 1134 1434 neareo-

159 1516 229 1562 ιη
253 1491 489 1588 eloquentiam
512 1488 683 1560 Italorum
704 1489 838 1562 animos
858 1491 1055 1564 vehementi
1072 1494 1135 1565 ed·
1256 1524 1260 1534 1

159 1623 339 1696 miratione
366 1625 505 1714 dicam,
543 1649 589 1695 an
611 1622 741 1696 invidit
765 1624 984 1720 implevisse?
1029 1625 1134 1699 Multi

158 1757 254 1827 enim
283 1781 407 1828 eorum
433 1781 534 1854 aegre
564 1755 741 1850 ferebant,
778 1755 997 1829 Gerrnanum
1013 1783 1134 1830 omnes

157 1888 264 1960 Italos
279 1889 420 1961 dicendi
433 1891 541 1960 laude
557 1890 760 1960 antecedere
776 1901 811 1958 et
822 1889 925 1984 ratde
935 1861 1133 1979 timebant,

157 2047 205 2094 ne
231 2023 337 2115 hujus
361 2020 441 2092 artis
460 2021 673 2117 principatus
696 2046 739 2092 ex
757 2018 873 2093 Italae
893 2021 930 2092 in
946 2019 1137 2094 (dermumeL

161 2137 225 2225 ern
248 2153 501 2226 tramlerretur.
554 2151 678 2249 Neque
704 2153 919 2224 inconsultus
943 2165 1017 2224 erat
1033 2152 1137 2224 Italo-

158 2297 241 2358 'rum
266 2288 379 2358 timor.
419 2288 562 2358 Etenim
586 2311 807 2375 remcort,
836 2286 898 2356 etsi
918 2307 1018 2356 suam
1033 2285 1139 2381 ipsius

158 2417 396 2514 eloquentiam
420 2443 493 2489 non
519 2417 605 2490 tanti
628 2414 801 2505 iaciebat,
828 2428 868 2486 ut
881 2439 964 2486 cum
980 2414 1075 2486 Italis
1092 2417 1137 2487 de

159 2551 278 2645 patna
301 2553 510 2622 contendere
527 2575 564 2622 se
575 2575 676 2645 posse
694 2550 795 2621 facile
812 2549 991 2650 crederet,
1020 2549 1138 2620 exem-·

160 2682 222 2776 plo
247 2693 365 2753 tamen
389 2695 424 2754 et
445 2683 638 2779 praeceptis
659 2684 728 2754 suis
742 2680 924 2753 Germanis
941 2680 989 2752 ad
1002 2693 1138 2754 mutum

159 2813 332 2884 honorem
346 2815 441 2886 viam
452 2813 616 2911 patefecit
626 2813 743 2912 (²⁵).'
1198 2801 1200 2808 ⁵

210 2944 410 3020 Accedebat
429 2948 534 3056 etiam
548 2949 623 3044 ejus
639 2948 809 3038 orationi,
824 2971 897 3044 quo
912 2946 1055 3019 mirifice
1073 2973 1138 3019 eu·
1244 3011 1247 3019 .

63 3131 67 3138 .
165 3078 334 3152 ditoribus
361 3081 536 3178 placebat.
578 3079 717 3154 Scilicet
750 3079 911 3173 externi,
933 3092 973 3152 ut
989 3081 1114 3153 dicitur
1123 3137 1136 3174 ,
1183 3113 1189 3128 ·

168 3210 366 3306 eloquentie
388 3216 476 3286 adeo
505 3213 664 3286 inusitati
687 3216 872 3286 insnumn
901 3227 1003 3309 erat,
1033 3241 1139 3288 nemo

167 3354 207 3411 ut
223 3353 303 3412 ante
317 3366 400 3412 cum
414 3341 626 3414 Germanus-

215 3474 402 3546 Eaasnns
415 3489 546 3566 noster,
562 3478 590 3548 si
603 3477 680 3572 quis
693 3473 871 3571 unquam,
889 3474 1141 3570 totiuslinguae

166 3608 310 3680 Latinae
332 3622 513 3699 naturam,
540 3609 679 3703 copiam
701 3631 913 3704 veneresque
938 3608 1027 3678 adeo
1042 3619 1141 3676 tene-

165 3739 244 3828 bat,
273 3754 311 3811 ut
336 3767 428 3812 unus
457 3742 615 3814 omnium
640 3740 832 3837 aptissimus
856 3740 1048 3826 videretur,
1080 3739 1143 3834 qui

167 3872 303 3944 felicem
318 3899 531 3946 emenonis
553 3877 704 3970 speciem
716 3873 868 3946 referret.
907 3873 1070 3962 Attamen
1084 3896 1142 3942 vo-

166 4029 205 4078 ce
222 4009 486 4102 quodammodo
500 4009 674 4102 absonus,
691 4011 791 4080 vultu
804 4019 973 4102 motuque
989 4005 1142 4099 corporis
1221 4001 1224 4010 ’

165 4141 213 4210 ita
238 4151 352 4214 vastus
375 4156 411 4214 et
431 4143 571 4240 agrestis
587 4155 684 4234 erat,
712 4154 774 4234 ut,
802 4140 934 4212 etiamsi
945 4140 1020 4233 ejus
1034 4139 1142 4210 oratio
