2876 5026
543 507 545 514 ⁴
674 475 697 544 3

194 705 316 798 Quare
343 733 416 783 non
438 707 767 798 mirumoideatur,
786 713 978 782 tantumne
996 703 1104 778 teiam
1121 703 1174 776 vi-

194 863 275 912 rum
302 841 350 913 ab
375 843 539 915 omnibus
565 840 685 916 aeuus
708 861 792 911 suae
816 836 1017 910 hominihus
1044 860 1172 908 socru

193 997 318 1046 soror
339 977 487 1064 dictum
504 975 632 1070 irrisae,
656 983 802 1070 utpote
828 973 890 1070 qui
913 975 980 1044 suo
995 971 1174 1044 doctrinae

177 1107 326 1180 „lumine
356 1108 538 1203 tenebras,
571 1107 701 1206 quihus
721 1105 791 1178 illc
830 1115 987 1200 tempore
1014 1101 1174 1178 Ecclesia

192 1236 387 1310 Christiana
403 1238 799 1336 obducnerat,primus
812 1235 1018 1308 discusserit.
1046 1231 1172 1328 Alter,

121 1377 137 1410 ⁶
193 1391 301 1464 quem
312 1372 616 1467 nuncupavimus,
636 1339 867 1442 sonorosus
884 1389 1079 1438 sorssors
1091 1377 1173 1438 tun·

190 1509 241 1571 ta·
262 1496 479 1574 Graecarum
509 1501 786 1598 Latinarumque
816 1499 998 1572 literarum
1032 1493 1173 1569 sciente

61 1659 70 1676 ·
193 1631 377 1727 inclaruit,
405 1645 451 1704 ut·
471 1632 692 1703 immundam
716 1631 794 1704 sevi
808 1631 864 1702 sui
876 1628 1076 1705 barbariem
1090 1651 1173 1702 eru-

188 1761 320 1834 ditione
336 1787 382 1834 ac
393 1762 567 1860 elegendi
577 1761 640 1836 sui
654 1763 759 1834 docto
769 1762 847 1834 orbi
856 1760 1173 1856 expideritveram·

187 1917 261 1989 que
270 1893 527 1984 humanitatem
537 1918 616 1964 wnon
629 1905 767 1966 tantm
778 1894 816 1969 in
827 1892 979 1989 patriam
992 1903 1171 1985 noscam,

187 2017 313 2095 verum
347 2026 454 2099 etiam
469 2073 472 2080 ·
485 2019 525 2095 in
558 2021 801 2098 Germaniam
828 2022 1015 2094 reduxerit.
1069 2023 1172 2096 Mitto

190 2179 405 2227 amasos
430 2153 739 2253 rsssomou(³)
764 2154 1012 2252 Groninganae
1029 2155 1170 2226 scholae

189 2286 382 2382 quondam·
393 2287 672 2380 moderatorem,
698 2287 813 2358 virum
828 2287 1028 2358 reconditae
1044 2285 1171 2357 doctri·

185 2441 266 2488 nae.
295 2418 395 2488 Mitto
412 2442 594 2487 aaronem
612 2441 861 2505 ussa-sunou
873 2417 1039 2515 elegantis
1048 2416 1169 2496 erudi·

99 2647 104 2654 ι
185 2549 287 2620 tionis
308 2551 501 2643 juvenem,
527 2573 659 2645 quem,
685 2562 902 2646 quantopere
929 2550 1167 2644 adamaverit,

185 2683 324 2792 saepius
337 2695 478 2754 testatus
490 2693 541 2753 est
552 2680 686 2776 patriae
696 2693 835 2754 nostrae
847 2682 1043 2754 immortale
1060 2683 1167 2768 decus

181 2811 708 2910 nssrnrsrcssassuos(⁴).
818 2875 820 2886 .

232 2942 330 3033 Quid
344 2943 390 3014 de
410 2942 841 3041 iscororronrzosross)
863 2944 1005 3015 dicam?
1026 2945 1088 3042 qui
1104 2969 1166 3016 ac-

182 3087 302 3146 curata
324 3045 512 3154 msuuotus
530 3072 690 3160 docuind
699 3129 714 3167 ,
739 3089 844 3148 tanto,
855 3076 1164 3173 ingeniiaeumine

185 3213 294 3274 totam
315 3205 492 3277 historiam
507 3207 753 3302 pertractavit,
779 3218 841 3296 ut,
862 3207 890 3277 si
904 3231 1019 3280 unum
1043 3233 1163 3281 socer..

184 3356 320 3404 ossus
335 3326 484 3430 excipias
495 3387 508 3425 ,
529 3361 674 3427 omnes,
684 3337 757 3434 qui
770 3361 853 3409 eum
868 3338 936 3409 hac
952 3339 1043 3410 inre
1057 3363 1162 3434 prae-

182 3478 359 3537 ornarunt
367 3493 391 3556 ,‘
426 3467 532 3565 longo
567 3482 647 3565 post
684 3493 721 3541 se
741 3469 932 3555 *intervallo
968 3471 1158 3568 reliquerit.

181 3595 330 3668 Historia
344 3597 619 3698 Babyloniormn
633 3613 668 3673 et
680 3600 931 3703 Aegyptiorum
946 3604 1091 3700 antiqua
1100 3591 1161 3674 us-

179 3751 251 3824 que
280 3729 327 3801 ad
349 3755 596 3803 rssrzorrcu
622 3734 782 3830 neglecta
796 3734 969 3827 jacuerat.
1006 3734 1054 3806 At
1077 3758 1159 3806 vero

179 3857 261 3949 iile,
298 3861 508 3958 antiquitatis
548 3873 778 3934 monumenta
818 3876 979 3936 scemate
1017 3868 1158 3959 pervol-

89 4054 93 4058 .
178 4012 283 4079 vens,
309 4016 353 4062 eo
379 3992 415 4063 in
440 3987 579 4064 intiinos
604 3995 765 4066 historiew
780 4017 933 4066 recessus
947 3998 1155 4090 penetravit,

178 4131 218 4188 ut
239 4145 366 4200 arcana
385 4147 550 4220 quaeque
561 4124 767 4219 proliceret,
796 4149 879 4197 vera
896 4127 1015 4200 omnia
1032 4115 1160 4202 aialsis

913 4257 961 4329 1,*
