2876 5026
654 449 702 516 25

194 641 401 780 tantumque
415 680 578 776 temporis
588 681 627 752 in
637 678 839 774 antiquitate
848 673 1073 771 pervadenda
1085 689 1186 746 con-'

197 794 373 908 sumebat,
396 839 439 886 eo
453 814 491 884 in
504 809 640 884 Musici
657 821 800 905 arteque
817 807 932 878 fabrili
948 791 1173 902 processerit,
1202 899 1203 906 ἵ
1290 783 1294 794 ’

189 909 239 1018 'ut
264 969 352 1039 opus
378 955 452 1014 tam
476 941 608 1037 insigne
634 939 803 1035 perlicere
818 949 945 1034 posset.
993 937 1095 1026 Quae
1116 935 1176 1006 ad-

196 1076 332 1148 miratio
350 1074 450 1144 altius
464 1073 572 1144 etiam·
585 1071 760 1142 extollitur
768 1123 781 1159 ,
804 1069 832 1140 si
847 1081 1050 1163 reputamus
1060 1123 1077 1176 ,ι
1091 1081 1177 1164 quot
1271 1159 1273 1172 1

167 1231 173 1246 ·
198 1206 406 1302 quantisque
427 1203 607 1295 subsidiis,
639 1201 771 1298 quibus
786 1213 903 1272 nostra
922 1201 1051 1299 gaudet
1066 1212 1177 1292 aetas,

150 1373 158 1392 ·
199 1359 339 1433 prorsus
356 1334 536 1406 destitutus
550 1344 648 1405 esset.
696 1383 701 1393 ·

243 1466 335 1538 Huic
368 1465 408 1535 in
434 1465 523 1536 cives
542 1463 728 1559 promerito
747 1463 895 1533 altemm
911 1462 1066 1555 addidit,
1094 1485 1177 1532 cum
1213 1443 1216 1450 ⁴

197 1601 328 1696 legatus
357 1595 405 1669 ‘ad
425 1592 747 1690 Arctriducempa)
773 1619 1074 1666 uaxrumanuu
1096 1595 1198 1694 ιῐιίῐ-ι

198 1739 344 1820 teretur,
372 1728 471 1820 cujus
486 1727 609 1804 aulam
623 1729 688 1820 per
703 1749 761 1796 sex
777 1747 913 1796 menses
930 1725 1112 1795 continuos
1129 1748 1179 1794 se-

197 1870 298 1930 cutus
322 1869 385 1928 est.
423 1858 616 1953 Postquam
642 1881 695 1928 res
721 1881 800 1928 suas
816 1855 960 1928 feliciter
974 1868 1173 1953 peregerat,

199 1990 238 2058 in
263 1989 413 2082 patriam
438 1988 549 2086 rediit.
593 1985 718 2083 Neque
745 1989 841 2057 enim
866 2011 1176 2080 martaritanus,

203 2141 270 2188 neo
295 2113 607 2212 Burgrmdiae(³³)
630 2127 665 2186 et
685 2113 895 2188 Brabantiae
912 2115 1119 2188 Cancellarii
1134 2115 1181 2186 ab

204 2272 246 2319 eo
273 2248 460 2340 impetrare
484 2256 691 2341 potuerunt,
720 2258 759 2317 ut
785 2271 820 2348 se
846 2245 1052 2318 Archiducis
1075 2247 1179 2317 aulae

204 2377 391 2462 addiceret.
421 2375 546 2470 Quod,
565 2400 648 2447 cum
661 2371 804 2473 propter
814 2378 936 2449 utilem
946 2390 980 2449 ct
995 2401 1181 2448 amoenam

204 2511 277 2605 ejus
306 2511 614 2602 consuetudinem,
640 2523 718 2580 tum
743 2523 885 2604 propter
906 2511 1077 2607 insignem
1092 2535 1180 2604 pru-

203 2642 341 2714 dentiae
365 2643 471 2714 oirilis
495 2642 674 2737 peritiam,
694 2665 923 2742 ,summopere
953 2641 1174 2736 exoptabant.

203 2773 340 2846 Verum
366 2773 437 2844 alto
461 2772 499 2842 in
527 2796 745 2843 soarootse
771 2784 912 2868 pectore
937 2771 1090 2844 delirum
1106 2785 1181 2844 erat

205 2905 407 2997 consilium,
434 2927 506 3000 quo
533 2927 569 2974 se
595 2903 694 2974 nullo
718 2915 823 2998 pacto
851 2903 898 2974 ab
913 2904 1181 3000 elegantioribus

205 3035 323 3105 studiis
331 3033 525 3105 recolendis
537 3034 651 3130 abripi
663 3047 851 3131 pateretur.
871 3035 1056 3106 Praeterea
1065 3036 1180 3131 splen·
1200 3119 1208 3138 ·

208 3164 291 3234 dida
306 3165 407 3236 aulae
422 3190 571 3262 pompa,
593 3168 817 3264 quotidianus
834 3167 1019 3261 strepitus,
1033 3179 1182 3264 tempes-

208 3295 278 3364 tiva
303 3297 475 3386 convivia,
503 3298 723 3371 effoeminata
746 3277 898 3398 denique
915 3301 1110 3372 aulicorum
1125 3302 1183 3372 in-

208 3425 311 3522 genia
318 3479 333 3514 ,
351 3425 447 3496 inani
457 3429 584 3524 gaudio
594 3431 743 3502 nimium
756 3455 860 3526 saepe
875 3432 1096 3524 exsultantia,
1109 3456 1183 3529 ger·

206 3556 252 3627 ris
278 3558 548 3656 crepundiisque
565 3585 703 3659 semper
719 3564 897 3656 destricta,
926 3587 1018 3660 quac
1032 3563 1122 3635 nibil
1136 3562 1183 3632 ad
1273 3651 1276 3662 ι

208 3686 421 3782 doctrinam,
454 3690 500 3761 ad
529 3692 735 3786 sapientiam
765 3694 854 3764 nihil
880 3692 1001 3782 afferre
1015 3703 1160 3788 possunt
1165 3727 1203 3780 ,·

208 3843 430 3890 soaroocxn
451 3822 562 3894 indoli
580 3824 724 3894 minime
747 3823 1012 3896 conveniebant.
1057 3822 1184 3918 Itaque

209 3974 340 4038 omnes,
355 3951 504 4024 bonores
523 3977 714 4052 omnesque
731 3981 834 4053 opes,
862 3979 949 4052 quas
965 3955 1099 4026 literato
1115 3955 1184 4026 ho-

117 4163 123 4176 ·
211 4079 296 4188 utini
322 4083 483 4154 molestas
510 4055 700 4179 studiisque
719 4085 970 4181 impedimento
991 4111 1064 4158 csse
1085 4110 1186 4181 prae-
