2876 5026
740 463 789 534 32

274 694 408 798 homini
425 695 560 767 erudito
576 707 612 766 et
625 695 862 768 emolumento
870 665 910 782 ,et
926 665 1131 764 cmamento
1146 714 1244 782 esse,

275 829 353 924 quis
378 841 450 920 est,
479 828 541 924 qui
563 851 636 897 non
653 828 780 898 videat.
810 827 988 925 Quoniam
1004 851 1087 897 vero
1104 826 1247 914 omnia,

275 959 368 1056 quae
397 958 444 1028 ad
468 959 642 1028 variarum
665 982 783 1029 rerum
807 959 1040 1054 cognitionem
1067 967 1249 1051 spectant,

274 1115 338 1187 per
352 1091 456 1186 plura
480 1091 690 1187 antiquitatis
706 1077 937 1163 monumenta
951 1090 1105 1184 dispersa
1120 1089 1250 1158 inveni-

275 1234 405 1314 untur,
432 1222 470 1292 in
493 1245 536 1292 eo
561 1221 763 1316 praesertim
779 1221 900 1296 somnis
926 1243 1034 1315 opera
1056 1221 1173 1290 nostra
1188 1243 1251 1314 po-

274 1351 394 1422 nenda
407 1363 480 1444 est,
507 1363 547 1420 ut
562 1353 788 1448 antiquorum
800 1373 1003 1424 sermonum
1018 1350 1175 1438 indolem
1190 1373 1251 1420 ac·-

256 1491 261 1506 '
275 1495 393 1552 curate
407 1483 656 1578 percipiamus,
674 1509 746 1581 quc
762 1509 817 1556 res
834 1482 1092 1578 ascriptoribus
1109 1482 1250 1551 nuditas

144 1685 147 1693 ,
253 1668 255 1676 s
275 1639 396 1684 eruere
417 1612 551 1709 liteque
566 1627 683 1684 mente
700 1627 735 1685 ct
755 1615 960 1710 cogitatione
976 1612 1252 1707 comprehende·

207 1793 213 1806 ·
275 1771 313 1816 re
338 1745 519 1842 possimus.
555 1747 663 1836 Quod
685 1748 712 1818 si
738 1749 875 1844 assequi
892 1771 1078 1841 conemur,
1105 1741 1252 1841 perutile

276 1881 357 1972 erit,
374 1877 416 1951 ea
425 1935 438 1971 ,
456 1905 549 1978 quae
565 1875 662 1976 apud
676 1877 823 1976 optimos
833 1882 1014 1975 scriptores
1023 1877 1169 1976 legimus
1179 1902 1251 1948 ma-

276 2011 366 2081 xime
390 2002 537 2107 propriis
554 2024 588 2082 et
603 2012 699 2082 idem
714 2009 983 2108 significantibus
998 2012 1113 2083 verbis
1125 2033 1251 2080 verna-

253 2203 256 2212 .
279 2143 359 2212 culo
374 2167 534 2214 sermone
548 2144 707 2215 reddere.
737 2142 859 2216 Sinde
875 2146 915 2216 iis
929 2201 939 2238 ,
968 2169 1060 2240 quae
1078 2142 1182 2236 apud·
1192 2161 1254 2212 re-

277 2283 365 2342 tercs
388 2272 514 2376 treclita
538 2274 733 2344 invenimus
743 2329 756 2362 ,
786 2275 919 2370 aliquid
947 2273 1072 2344 Latino
1093 2295 1252 2343 sermone

279 2405 428 2474 scribere
453 2407 617 2496 velimus,
645 2408 742 2502 prius
764 2409 809 2478 de
827 2409 872 2480 iis
889 2409 1078 2479 vernaculo
1094 2429 1252 2476 sermone
1316 2399 1322 2414 ⁹

280 2537 439 2606 meditari
449 2591 463 2626 ,
492 2563 534 2609 ea
560 2538 607 2609 ab
622 2539 717 2609 omni
728 2553 827 2634 parte
844 2551 960 2609 mente
976 2550 1011 2608 et
1025 2538 1156 2608 ratione
1170 2559 1252 2630 per-

278 2667 446 2756 lustrare,
466 2669 592 2740 deinde
605 2671 736 2763 optimo
752 2669 926 2766 rebusque
942 2670 1105 2763 adaptato
1121 2691 1254 2739 sermo·

280 2825 325 2870 ne
335 2781 525 2896 exprimere
531 2804 846 2898 magnopercnobis
853 2805 1019 2898 proderit.
1034 2800 1108 2873 Nisi
1114 2801 1255 2871 enimeo

280 2932 760 3024 processerimus‚uton1nem
769 2930 1256 3028 peregrinisermoniscopiam

281 3061 338 3131 vel
343 3110 356 3150 ,
373 3075 412 3133 ut
420 3063 489 3133 hoc
499 3076 599 3154 utar,
613 3039 859 3160 gazophylacia
867 3075 1047 3134 teneamus
1059 3114 1068 3156 ,
1080 3087 1134 3134 res
1144 3061 1256 3180 patrio

283 3218 393 3288 quam
409 3196 476 3265 alio
491 3221 651 3267 sermone
669 3197 861 3293 propositas
878 3196 1012 3272 facilius
1025 3195 1257 3290 intelligemus

284 3349 325 3394 ec
344 3339 540 3420 perspectas
557 3325 777 3398 habebimus.
807 3327 899 3400 Ante
917 3329 1035 3399 omnia
1050 3329 1088 3397 in
1102 3325 1258 3396 scriben-

286 3459 334 3529 do
351 3458 390 3527 id
405 3455 539 3528 efficere
554 3458 778 3551 studeamus,
802 3475 841 3534 ut
851 3481 967 3557 ‘quam
982 3457 1162 3556 purissime
1178 3451 1258 3526 seri-

286 3587 424 3658 bamus.
452 3587 550 3677 Quid
566 3591 660 3663 enim
677 3592 749 3663 sine
766 3595 915 3688 puritate
926 3593 1038 3664 omnis
1048 3592 1156 3662 oratio
1162 3643 1175 3678 ,
1194 3587 1260 3657 nisi

283 3704 434 3794 absonus
467 3702 654 3796 verborum
682 3729 841 3822 strepitus
872 3728 1060 3798 limatiores
1088 3747 1196 3794 aures·
1212 3721 1259 3791 ad

284 3877 386 3925 saeva
411 3879 575 3950 quaeque
594 3869 764 3928 tormenta
783 3859 945 3952 dirosque
972 3849 1071 3953 quasi
1091 3855 1261 3952 equuleos

284 3987 447 4080 rapiens?
482 3986 601 4078 Quam
624 4001 717 4059 recte
737 3990 939 4085 sincereque
956 3988 1129 4060 scribendi
1145 3986 1258 4056 lacul-

237 4165 238 4170 κ
283 4127 390 4188 tatem
413 4093 714 4216 si'aequisivimus
723 4175 736 4208 ,
763 4143 918 4232 ‘onnrem
937 4143 1081 4216 operam
1106 4130 1259 4188 nostram
