2810 5024
308 685 348 732 rc
366 651 496 756 penilus
505 651 767 751 ineptuslccutus
779 655 908 741 videar,
929 660 1113 751 speciminis
1123 657 1194 729 loco
1201 683 1276 726 nuu—

306 771 394 838 nulla
411 795 450 836 ex
467 769 529 835 hac
539 769 680 835 oratioue
692 765 874 834 describere
885 765 1008 834 suimus
1018 785 1074 834 cst.
1098 769 1195 860 Quod
1205 769 1276 835 dum

305 883 417 949 facere
415 903 540 963 conor,
564 877 673 943 nescio
691 875 805 942 unde
796 879 922 942 mitium
944 876 1062 944 ducam
1076 896 1109 946 et
1130 860 1276 970 quaenam

302 988 556 1085 potiusseligam.
582 989 768 1079 Tantoperc
777 987 1276 1081 ubiquemihiplaccturridctquc

305 1103 385 1170 haec
398 1103 506 1167 oratio.

349 1209 525 1280 Hisverbis
537 1205 578 1272 dc
589 1203 810 1298 philosophice
821 1204 1145 1300 d1gu1tuteloq1utur.
1169 1261 1173 1268 .

348 1351 366 1390 u
384 1323 415 1386 0
437 1309 594 1412 quuntum
615 1315 678 1383 hoc
701 1333 748 1382 est
765 1333 910 1408 ecquam
922 1341 995 1384 vere
1006 1316 1172 1399 divinum,
1196 1313 1278 1408 quod

305 1460 321 1500 u
340 1447 405 1497 tum
422 1431 532 1520 paucis
550 1426 735 1493 hominibus
755 1429 926 1512 contingit!
960 1451 1041 1519 quae
1059 1435 1277 1518 potestantem

304 1569 323 1609 u
339 1546 438 1626 major
446 1562 532 1619 esse,
546 1561 626 1628 quae
638 1538 754 1604 certior
763 1533 984 1627 philosophiae
995 1535 1167 1618 divinitus,
1190 1559 1278 1628 quam

305 1647 435 1718 «nullis
458 1645 564 1714 claudi
587 1646 748 1727 terminis,
772 1643 862 1710 uullo
887 1649 989 1736 spatio
1000 1649 1170 1712 contineri.¹
1192 1643 1281 1712 Vadit

176 1741 183 1750 ἢ
272 1827 282 1846 .
305 1789 321 1828 «
339 1761 426 1824 enim
436 1762 524 1822 sa'cer
532 1757 592 1823 viri
603 1753 720 1822 cruditi
730 1757 869 1839 animus,
882 1753 983 1839 liber,
1007 1754 1146 1840 solutus,
1170 1753 1278 1838 nullis-

305 1897 322 1937 «
340 1891 403 1959 que
424 1868 580 1932 coercitus
602 1867 693 1930 mutis
702 1883 751 1948 et,
764 1887 966 1957 quacumque
980 1891 1090 1934 rerum
1098 1883 1212 1932 natura
1221 1888 1277 1956 pa·
1348 1873 1350 1882 '

305 2007 321 2048 u
340 1993 404 2060 tet,
428 1993 566 2062 vagatur.
602 1973 669 2040 Nec
691 1991 843 2052 terras,ct
866 1975 1099 2060 maiiasolum·,
1115 1974 1279 2042 sedsidcra

304 2119 321 2158 «
338 2090 406 2178 ipsa
419 2103 633 2175 cognatosque
643 2081 745 2150 coelos
755 2101 919 2176 pererrat,
935 2110 1002 2152 non
1009 2089 1192 2152 tenuissima
1200 2083 1276 2156 cffu-

304 2227 321 2267 «
338 2183 429 2282 'giunt
439 2198 560 2286 ipsum,
571 2218 638 2260 non
650 2193 797 2260 altissima
806 2197 964 2290 inaccessa
975 2213 1066 2279 sunt,
1079 2219 1148 2263 non
1158 2193 1276 2261 densis-

304 2336 320 2376 (ι
338 2307 415 2371 sima
444 2307 616 2386 resistunt3
654 2303 921 2400 comprcheudit,
954 2309 1145 2397 exsuperat,
1179 2327 1275 2396 pcne-

305 2429 468 2506 ‹i‘trutque
500 2429 622 2480 cuncta.
670 2414 759 2502 Quin
780 2416 875 2480 ctiam
896 2413 981 2482 velut
1002 2417 1037 2479 in
1057 2413 1276 2506 possessiouem

304 2555 320 2596 u
339 2523 503 2617 quandam
513 2547 602 2589 suam
614 2526 760 2608 veniens,
770 2526 876 2590 omnia
885 2527 935 2590 sui
945 2524 1021 2591 lacit
1030 2528 1118 2611 juris.
1131 2561 1177 2576 -
1185 2563 1226 2574 -
1237 2555 1277 2572 -·

304 2665 321 2705 u
338 2636 412 2701 Non
437 2632 489 2700 ille
510 2631 584 2701 vilia
607 2636 822 2724 concupiscit,
857 2658 923 2700 non
945 2633 1061 2700 illicitis
1084 2636 1277 2720 distringitur

304 2775 322 2814 u
338 2746 417 2813 votis
437 2761 469 2809 ct
492 2741 574 2808 solus
588 2767 838 2846 ,quaecunque
861 2761 957 2828 sunt,
980 2749 1071 2812 novit
1079 2767 1273 2839 ‚quaecun-

305 2884 323 2925 «
341 2879 403 2947 que
423 2851 510 2935 vult,
533 2869 649 2944 potest.
677 2852 767 2942 Qud
777 2870 825 2920 est
836 2878 901 2946 quo
911 2879 1063 2946 propruus
1072 2859 1177 2924 Deum
1184 2853 1276 2947 possit

306 2995 323 3034 u
340 2965 510 3031 imita1i?’'
523 2997 623 3012 —-—

313 3073 423 3140 Alio
432 3073 503 3140 loco
515 3073 630 3140 hacc
603 3098 670 3159 ejus
681 3091 756 3139 sunt
766 3076 911 3142 verbus·

349 3213 365 3252 «
384 3184 468 3250 Aera
479 3177 696 3267 videmus,ubi
707 3182 854 3252 coelusuc
861 3188 1003 3254 constitit
1012 3186 1106 3254 facies
1117 3189 1276 3253 immotum

305 3323 322 3362 u
339 3315 467 3359 manere
490 3309 586 3385 atque
610 3293 840 3385 tranquillum
864 3300 962 3362 maria
976 3314 1049 3388 post
1060 3293 1218 3388 procellas
1229 3306 1275 3356 at-

305 3432 322 3474 u
342 3426 404 3495 quc
425 3420 627 3495 tempestates
650 3407 750 3470 sterni
768 3409 921 3500 pigraque
939 3411 1063 3494 jacere:
1100 3425 1198 3473 terras
1214 3423 1275 3466 uon

299 3519 321 3582 'u
339 3515 400 3578 nisi
422 3514 581 3580 imbuihus
600 3513 788 3598 labefactus,
803 3515 926 3584 'solibus
941 3535 1085 3584 excoctas
1096 3568 1106 3600 ‚
1119 3512 1275 3584 laboribus

305 3654 322 3694 u
340 3621 495 3704 domitas,
521 3624 651 3691 tandem
670 3624 756 3692 velut
775 3622 888 3694 ihvitas
905 3627 1273 3718 vicusquefamemnos-

304 3764 321 3802 κ
340 3749 422 3798 tram
433 3721 553 3800 satiauc.
576 3737 685 3826 Ipsum
696 3741 873 3830 quinetiam
884 3719 1006 3806 coslum
1017 3737 1132 3822 crede,
1148 3738 1208 3804 nisi
1221 3735 1272 3798 in-

305 3873 321 3913 u
339 3845 429 3912 victa'
445 3843 523 3912 illud
541 3846 761 3940 indefessaque
779 3851 993 3941 vispfflpetui
1002 3851 1155 3936 vertigine
1165 3852 1276 3913 rotaret
1353 3891 1355 3904 ,

305 3983 322 4022 ι(
339 3945 525 4046 quieturum
544 3960 610 4043 jam
633 3949 761 4049 puisieux
784 3959 897 4044 luisse,
921 3959 1010 4052 quod
1023 3959 1159 4034 traditur
1169 3958 1273 4043 utique

303 4094 318 4134 u
338 4065 535 4157 quandoque
547 4068 639 4151 fore,
665 4085 701 4134 ut
714 4070 864 4159 quiescat.
888 4069 983 4140 Adeo
993 4069 1201 4141 omnibushis
1212 4083 1271 4128 n0¹¹
