2876 5026
741 437 803 506 28.

270 671 402 742 multa?
441 669 541 741 tantis
561 669 599 740 in
619 692 661 741 eo
679 667 906 740 accumulatis
920 667 1099 762 pollicitis,
1123 671 1242 742 nullus

270 801 525 898 tergiversando
547 799 698 872 dabatur
722 799 846 870 locus.'
887 797 1097 871 Acnreocs
1120 801 1242 896 igitur,

268 945 455 1029 postquam
469 958 523 1005 res
533 919 616 1004 ‘suas
631 932 669 1003 in
684 931 798 1026 patria
815 929 1083 1023 composuisset,
1104 930 1244 1004 Heidel-

269 1063 413 1160 betyom
427 1087 463 1134 se
479 1061 674 1132 rediturum
687 1060 857 1156 promisit.
886 1057 986 1130 Urbe
1004 1057 1143 1153 relicti,
1161 1085 1244 1135 oum

264 1191 341 1286 jam
366 1194 404 1264 in
420 1194 540 1264 itinere
556 1205 661 1285 esset,
689 1191 924 1263 afferebantur
940 1191 973 1262 ei
988 1217 1125 1262 Jacosr
1152 1218 1243 1264 aaa·

269 1321 1245 1420 arnisnr,amicidelectissi1ni‚literae,quibusadAnt·
1281 1323 1282 1330 '

269 1456 454 1552 verpiensis
477 1457 616 1527 scholae
642 1457 870 1528 moderamen
887 1456 1093 1526 obeundum
1110 1479 1131 1524 a
1147 1478 1245 1524 cura-

267 1589 417 1682 toribus,
435 1589 656 1666 invitabatur.
685 1585 888 1688 Aratocrpiu
904 1611 1116 1685 magnopere
1131 1611 1245 1658 asar·
1327 1659 1331 1668 ,

269 1746 390 1792 corin
412 1722 522 1792 arrisit
533 1750 545 1812 3
576 1721 780 1816 praesertim
795 1733 939 1815 propter
956 1745 1093 1791 incorr
1109 1711 1244 1789 asiar-

267 1855 476 1946 nnrqviri
488 1854 884 1950 cruditi,pracela1ique
893 1853 1239 1945 musici‚amicitiam.

267 1982 403 2054 Verum
426 1975 647 2055 deterrebant
669 1969 762 2056 eum¹
775 1983 1141 2056 scholasticidoeendi
1162 2008 1243 2054 mu-

267 2115 359 2184 neris
385 2115 518 2206 taedia,
547 2085 638 2210 quae
667 2116 753 2186 tanti
775 2115 904 2211 ingenii
920 2139 961 2186 ac
975 2115 1153 2186 doctrinae
1168 2107 1243 2214 riro

268 2245 372 2316 valde
389 2244 510 2315 odiosa
525 2269 596 2315 esse
612 2246 735 2316 solent.
781 2246 984 2338 Praeterea,
1013 2247 1075 2318 etsi
1090 2243 1251 2324 oblatam

268 2378 504 2450 conditionem
518 2379 675 2472 accipere
688 2376 867 2466 voluisset,
884 2390 1028 2474 propter
1037 2378 1145 2450 iidem
1160 2403 1244 2447 osc·
1266 2377 1267 2380 ’

267 2535 417 2602 nuncio
431 2511 569 2603 datam,
581 2511 649 2580 hoc
667 2509 781 2580 iacere
798 2535 871 2581 non
886 2511 1063 2605 potuisset.
1114 2565 1116 2572 .

232 2731 233 2738 ¹
316 2617 421 2713 Anno
435 2641 632 2737 insequenti
640 2640 912 2739 Hccilelbcrqom
922 2641 1024 2712 rediit
1039 2635 1146 2736 atque
1160 2625 1242 2709 oon·

209 2807 211 2816 v
265 2771 363 2842 tinuo
382 2773 534 2843 docendi
549 2749 686 2840 initium
698 2770 799 2863 fecit3
826 2795 899 2866 qua
914 2772 952 2842 in
964 2796 1002 2841 re
1019 2772 1047 2842 si
1062 2796 1145 2842 eum
1163 2795 1242 2840 om-

191 2905 197 2916 '
266 2904 365 2974 nium
388 2905 480 2976 illius
499 2903 664 2999 temporis
686 2903 869 2973 doctorum
885 2904 1081 2998 principem
1097 2903 1242 2976 extitisse

265 3037 343 3106 diuo
358 3091 366 3129 ,
387 3037 503 3108 dicam
517 3036 576 3130 id,
596 3035 694 3132 quod
709 3047 760 3106 est
775 3036 1005 3106 verissimum.

314 3165 480 3260 Ahject'us
497 3168 592 3238 enim
608 3191 649 3237 ac
666 3166 769 3237 miser
785 3167 954 3262 adspectu
970 3166 1096 3237 artium
1125 3178 1160 3238 et
1176 3165 1242 3236 dis·

266 3284 474 3392 ciplinarum
499 3311 605 3369 status
627 3298 688 3368 illo
705 3310 861 3402 tempore
877 3299 915 3368 in
932 3295 1134 3370 Germanici
1150 3309 1235 3368 erat.
1323 3397 1331 3415 .

266 3426 364 3498 Nihil
381 3431 480 3525 quod
495 3430 542 3501 ad
557 3413 678 3500 reram
693 3429 948 3500 humanitatem
965 3429 1243 3525 elegantiamque

266 3571 415 3654 spectat,
443 3560 493 3631 ibi
518 3557 760 3654 eicolcbatur3
786 3537 848 3632 scil
872 3587 993 3634 omnes
1008 3562 1185 3655 inpuerili
1201 3584 1244 3634 au

264 3689 447 3787 nugatorii
467 3692 662 3764 eruditione
680 3692 923 3765 subsistebant.
971 3691 1018 3762 Hi
1033 3715 1134 3781 vero,
1159 3692 1240 3788 qui,

265 3824 424 3918 quamvis
444 3823 492 3893 ab
509 3809 661 3920 angustis
677 3823 855 3894 doctrinae
871 3823 1087 3918 compendiis
1101 3821 1240 3917 profec-

265 3948 307 4037 ti,
326 3953 542 4024 eruditorum
558 3965 677 4025 tamen
692 3977 822 4024 nomen
837 3952 902 4036 sibi
918 3952 1178 4042 affectaverant,
1189 3953 1241 4022 in·

266 4075 396 4164 auditi¹
408 4087 617 4182 loquacitate
644 4087 689 4161 de
713 4086 816 4158 variis
830 4087 961 4160 artibus
975 4105 985 4179 ,·
1010 4111 1097 4182 quas
1114 4086 1179 4180 ipsi
1195 4111 1241 4158 ne
