2810 5024
735 427 785 500 ⁴⁰
845 510 848 516 .

279 664 474 739 verebatur.
502 663 556 736 lta
571 662 812 759 cujuscunqre
827 637 945 732 uelatis
962 685 1004 732 ac
1019 661 1191 759 dignitatis
1204 683 1259 732 es-

279 808 377 890 sent,
405 793 581 890 discipulis
607 793 678 864 suis
701 791 936 887 maximopere
952 792 1094 888 prohrit.
1132 789 1262 888 Neque

278 939 415 1001 tantum
439 924 502 1022 qui
527 921 793 1020 elegantioribus
806 921 911 992 literis
926 922 1128 994 incumbere
1144 946 1253 1017 cupe-

272 1070 377 1150 rent,
405 1080 528 1128 rerum
553 1054 658 1126 etiam
683 1052 832 1122 aliam
856 1037 982 1124 artium
1003 1077 1045 1124 ee
1059 1053 1256 1148 disciplina·
1391 1042 1392 1066 ¹

277 1213 357 1260 rum
378 1191 535 1260 doctores
548 1184 828 1283 professoresque
842 1208 1063 1278 cearcouu
1078 1185 1258 1257 doctrinae
1277 1207 1280 1216 ’

278 1314 379 1411 copia
399 1328 505 1411 atque
518 1314 648 1412 ingenii
663 1313 825 1384 ubertate
838 1313 1111 1406 adjuvabantur.
1144 1312 1257 1407 Cujus

277 1449 328 1519 rei
343 1448 541 1544 exemplum
555 1445 710 1543 proferre
726 1469 784 1517 me
794 1445 906 1540 juvat.

325 1577 429 1652 Forte
455 1579 597 1650 suborta
622 1590 697 1650 erat
721 1576 931 1650 concertatio
953 1577 1043 1648 inter
1058 1575 1260 1674 Theologoa

277 1719 312 1778 et
347 1707 608 1779 Jureeonsultos
641 1708 687 1778 de
717 1705 785 1778 hoc
819 1707 929 1778 dicto:
967 1705 1118 1780 »frustra
1145 1721 1259 1780 serrat

278 1839 529 1936 Evangelium‚
552 1839 615 1934 qui
634 1850 829 1910 nonservat
840 1863 991 1910 canones
1007 1838 1257 1936 synodomm.”

138 2027 144 2038 .
277 1969 355 2041 Hoc
380 1968 474 2040 enirn
498 1969 557 2040 alii
571 1968 847 2064 superstitionem
861 1969 902 2039 in
917 1971 1121 2042 ceremoniis
1138 1994 1258 2040 corro-

277 2102 402 2174 borare
422 2101 607 2194 volebant3
636 2102 693 2172 alii
714 2126 796 2174 rere
809 2102 877 2173 hoc
892 2103 1041 2192 seuerius
1058 2104 1190 2175 dictum
1205 2127 1258 2174 cs-

278 2251 314 2306 'se
340 2245 375 2304 et
400 2232 539 2306 dexteri
565 2232 721 2306 adhibiti
738 2236 1144 2331 interpretationelenius
1161 2237 1256 2308 acci-

241 2448 243 2456 ,
277 2361 448 2457 piendum
466 2362 650 2459 putabant.
687 2363 765 2434 Itur
782 2345 833 2435 'ad
855 2390 1094 2436 scurcousu.
1133 2365 1256 2438 Hiciis
1305 2381 1311 2394 ·

276 2495 494 2588 explanavit,
523 2517 673 2568 canones
703 2493 743 2566 in
767 2495 906 2592 synodis
933 2495 1141 2592 dijudicatos
1156 2496 1255 2592 quasi

264 2623 438 2710 *articulos
454 2647 526 2694 esse
546 2623 724 2694 doctrinae
738 2622 952 2696 Christianae
969 2679 978 2719 ‚
1000 2629 1075 2696 non
1085 2649 1168 2696 vero
1179 2625 1253 2719 jus-
1334 2679 1337 2688 .

275 2777 314 2823 aa
338 2755 383 2826 de
406 2755 619 2826 ceremoniis.
671 2753 816 2826 Veteres
833 2756 928 2828 enim
942 2756 1092 2853 synodos
1102 2807 1116 2845 ,
1146 2779 1253 2851 prop·

275 2895 326 2956 ter
352 2884 556 2980 dogmatum
582 2885 854 2978 controversias,
880 2911 954 2956 non
981 2888 1026 2958 de
1050 2885 1253 2957 ceremoniis

274 3015 536 3085 accumulandis
561 3028 766 3086 convocatas
792 3040 865 3087 esse
893 3017 1015 3113 arguit.
1055 3016 1174 3106 Quare
1193 3034 1265 3086 eos·

273 3143 426 3237 tantum,
444 3145 505 3241 qui
522 3145 661 3215 decreta
670 3156 790 3215 contra
811 3168 1113 3238 cenomannum,
1133 3157 1253 3216 contra

274 3295 401 3342 iarun
423 3285 484 3345 aut
497 3298 753 3345 uscnuonruu
770 3275 861 3347 iacta
877 3286 1045 3371 respuunt
1058 3273 1253 3378 ‚Evange-

212 3471 216 3480 ,
271 3401 360 3472 lium
382 3425 456 3474 non
481 3427 616 3474 servare
641 3405 786 3499 putavit.
826 3405 936 3476 Porro
962 3403 1077 3496 ineos
1094 3403 1248 3476 invectus

272 3544 323 3602 est
331 3586 345 3621 ,
373 3534 435 3630 qui
461 3534 710 3606 contenderent
734 3560 889 3606 cnarsrr
924 3534 1031 3608 fidem
1055 3534 1197 3606 inanem
1216 3548 1250 3606 et

271 3663 430 3736 inutilem
455 3689 546 3757 esse,
563 3665 629 3735 nisi
644 3689 764 3737 omnes
778 3666 864 3737 ritus
879 3665 1089 3761 omniaque,
1119 3665 1166 3736 ah
1181 3666 1249 3737 ho-

271 3795 423 3866 minihus
449 3795 662 3891 excogitata,
692 3797 883 3889 solemnia,
911 3785 1073 3872 acernae
1085 3807 1252 3880 letteren-r

270 3936 337 3994 tur.
377 3921 612 4008 Vehementer
638 3949 761 3996 eorum
780 3925 975 3996 doctrinam
990 3924 1155 4020 explosit,
1174 3923 1246 4020 qui

269 4067 433 4148 putarent
449 4069 627 4128 aeternam
642 4055 792 4126 hominis
807 4056 971 4145 salutem,
984 4056 1118 4128 ludicra
1128 4051 1246 4152 aliqui
