2810 5024
639 482 687 553 ta

179 709 418 795 Garamam
443 716 688 816 Belgicmq'ua·
706 715 754 798 ad
766 716 958 808 ,summam
977 718 1159 792 decumae

178 853 322 950 gloriam
347 854 569 951 perduxiss03
598 852 661 924 sed
677 852 747 921 hoc
763 843 850 922 mihi
865 854 1093 926 certissimum
1109 868 1162 926 se*

177 987 271 1081 det,
292 1011 529 1075 aerrconan,
567 995 689 1080 utpote
724 982 786 1079 qui
812 984 946 1078 primus
973 1010 1161 1082 germanae

176 1118 356 1191 doctrinae
400 1121 652 1211 literarumque
705 1114 861 1186 studium
889 1115 1159 1208 instauraverit,

177 1253 365 1324 maximam
380 1252 531 1350 gloriam·
541 1245 753 1346 competere.

224 1382 353 1458 Nonne
378 1386 525 1458 salubris
558 1384 705 1477 alicujus
732 1381 815 1452 artis
825 1381 985 1452 inventor
1001 1382 1161 1453 omnium
1201 1407 1203 1412 ·

173 1517 396 1586 saeculorum
412 1516 528 1587 laudis
545 1513 740 1610 praeconio
752 1511 971 1606 celebratur,
1000 1514 1162 1607 quamvis

78 1637 80 1644 ’
175 1647 239 1742 qui
264 1661 343 1744 post
369 1673 453 1720 eum
478 1647 668 1736 renerum,
691 1658 810 1717 artem
825 1620 925 1717 novis
939 1646 1162 1718 incrementis

174 1779 421 1877 amplificarint
438 1793 473 1852 et
487 1780 712 1852 ademerint?
747 1778 1004 1850 Lsunurrrus
1026 1795 1162 1851 nosra-

172 1941 247 1987 nns
259 1907 273 2008 ,'
286 1931 327 1988 ut
340 1919 409 1988 hoc
418 1920 600 1990 luculento
611 1918 773 2012 exemplo
784 1929 876 2005 utar,
893 1928 1038 2012 propter
1051 1929 1163 1990 artem

175 2049 467 2146 typographicam
485 2051 690 2140 'inuentam3
721 2063 756 2120 et
786 2049 885 2145 apud
906 2073 988 2142 nos,
1017 2060 1052 2120 et
1064 2049 1162 2144 apud
1251 2071 1256 2078 ·

175 2195 328 2276 exteros,
342 2193 488 2254 'tantum
503 2155 640 2264 nomen·
650 2177 856 2254 consecutus
873 2195 944 2275 est,
961 2194 1001 2254 ut
1017 2181 1163 2254 Germa·

174 2338 306 2384 norum
332 2315 464 2392 invidia
489 2315 648 2412 religioni
673 2340 748 2386 non
765 2314 947 2404 habuerit,
975 2299 1041 2386 nec
1056 2315 1163 2387 hodie

173 2447 281 2518 etiam
295 2447 443 2541 habeat,
464 2447 629 2544 gloriam,
648 2447 778 2519 meritis
795 2460 946 2543 partam,
965 2471 1095 2543 magno
1113 2447 1162 2516 ri-

170 2607 212 2653 ro
246 2583 419 2676 surripere
451 2581 589 2676 sibique
619 2581 809 2652 vindicare.
862 2565 1032 2673 Quamvis
1058 2579 1162 2676 igitur

169 2734 387 2810 magnopere
412 2713 622 2802 laudentur,
652 2713 723 2809 qui
740 2725 850 2784 artem
872 2712 1161 2811 typographicam

170 2847 407 2919 emendarunt
434 2858 469 2916 et
492 2847 529 2916 in
551 2847 638 2940 hoc,
660 2871 703 2923 ex
717 2825 912 2944 quohodie
930 2846 1160 2940 conspicitur,

170 2981 393 3076 perfectionis
403 2981 602 3078 fastigium,
621 2994 828 3070 evexerunt,
844 3003 1060 3051 naurnrrrr
1074 3004 1162 3051 xos-

171 3138 264 3182 raar
291 3126 411 3185 tamen
437 3139 569 3190 nomen
596 3115 695 3209 apud
710 3137 775 3184 nos
794 3112 991 3204 illibatum,
1009 3112 1162 3207 praeful-

174 3269 258 3342 gens
271 3227 503 3345 omnihusque
518 3250 572 3340 iis,
584 3247 646 3345 qui
656 3248 807 3318 eandem
816 3246 912 3316 viam
923 3245 1160 3341 inculcarunt,

174 3380 400 3477 celebratius,
427 3384 475 3454 ad
490 3384 614 3454 ultima
626 3396 787 3477 tempora
804 3379 1010 3452 servabitur.

194 3511 277 3584 'Ita
303 3538 466 3620 quoque,
494 3499 557 3585 etsi
582 3515 641 3586 alii
667 3514 796 3586 summi
823 3514 952 3585 eruditi
974 3513 1037 3585 sud
1053 3514 1163 3585 laude
1250 3517 1252 3522 ’

142 3646 316 3718 ·minime
340 3646 574 3718 defraudandi
599 3649 689 3736 sint,
726 3673 952 3721 aerrcorau
989 3672 1072 3718 suus
1097 3659 1162 3720 stet

171 3779 283 3850 honos
309 3805 351 3850 ac
377 3782 506 3876 gloria,
535 3782 668 3878 quippe
685 3783 748 3878 qui
762 3782 896 3877 primus
909 3783 1090 3852 literarum
1106 3781 1160 3850 lu-

172 3936 256 3983 men
283 3937 325 3984 ae
341 3914 599 3988 humanitatem
614 3917 650 3988 in
663 3915 833 4016 Belgicam
850 3915 1161 4011 Garmonaomque

156 4031 360 4121 induxerit.

222 4181 357 4278 Magni,
376 4181 502 4272 fateor,
520 4192 748 4255 aerrcors'u
765 4181 868 4255 facio.
889 4179 1028 4286 Verum
1041 4181 1160 4276 magni
