2810 5024
650 402 698 470 89

179 667 198 708 a
217 653 347 704 conatus
364 651 419 698 aut
441 634 531 718 vigor
539 632 714 704 inestlullns
722 656 828 724 neque
838 650 959 734 norunt
967 632 1053 700 aliud
1061 638 1157 726 quic-

180 776 198 818 «
218 768 325 839 quam,
335 761 448 810 natura
457 760 667 830 monstrante,
681 749 779 835 quam
789 743 1160 837 torpereaeAnimuscon·
1185 755 1194 771 ²

178 888 197 928 «
217 874 267 922 tra
277 872 422 940 vegetus,
438 847 557 936 alacer,
570 854 737 946 expeditus
748 853 973 945 operegaudet
985 858 1158 922 excitatur-

178 997 197 1038 «¹
217 985 279 1058 que
291 967 414 1040 actione
427 961 579 1054 quodque
586 963 716 1056 reliquis
726 963 816 1032 labor
822 981 881 1047 est,
898 964 1157 1037 idestsibinatu-

177 1106 196 1146 «
215 1100 261 1141 ra.
272 1110 373 1124 ——
389 1073 497 1164 thue
512 1072 607 1140 semel
619 1098 800 1140 mensuram
809 1074 1040 1160 iucunditatis,
1064 1101 1160 1167 quam

179 1216 197 1256 ι(
216 1187 350 1277 praebet
370 1181 576 1274 philosophia
599 1183 813 1276 complectar,
845 1203 933 1250 tanta
954 1201 1020 1267 est,
1044 1203 1080 1250 ut
1099 1188 1159 1251 sub

178 1326 198 1366 a<
215 1297 284 1387 ipsa
295 1293 428 1385 reliqua
446 1296 551 1360 omnia
562 1311 671 1360 nostra
680 1291 821 1370 secunda
833 1293 985 1384 quidem,
1008 1296 1159 1362 sicntsub
1254 1329 1255 1341 κ

178 1403 279 1476 «sole
301 1400 405 1469 sidera
415 1405 539 1470 minora
558 1401 676 1488 latenti
715 1403 866 1487 adversa,
889 1407 971 1482 sicut
990 1405 1159 1489 tenebrae,

178 1543 198 1586 u
214 1531 361 1580 naturam
382 1511 504 1597 fulgore
527 1531 723 1603 permutent.
764 1505 971 1597 Permutant',
1002 1517 1159 1606 inquam,

183 1655 199 1696 ι(
217 1649 319 1716 quum
327 1625 361 1686 in
373 1623 563 1712 sapientiam
573 1622 762 1708 inciderint,
774 1641 920 1718 naturam
928 1649 1015 1690 suam
1020 1622 1158 1692 adversa.

180 1755 200 1805 ·«
216 1734 345 1822 Quibus
364 1731 427 1806 boc
450 1729 547 1816 digne
570 1757 748 1825 prosequar
758 1734 890 1802 verbis?
914 1735 1040 1823 Quibus
1050 1732 1157 1799 laudi-

180 1875 198 1918 tt
215 1845 277 1910 bus
298 1859 420 1914 tantam
442 1843 641 1926 majestatem
664 1860 851 1934 tantumque
862 1843 1079 1935 philosophiae
1091 1868 1156 1910 nu-,

181 1976 290 2024 «men
313 1943 512 2044 exaequem?
553 1952 616 2016 Dat
633 1949 709 2034 illa,
742 1970 881 2044 propter·
899 1978 979 2043 quae
1001 1954 1159 2020 continuis

142 2097 145 2107 ·
182 2093 199 2133 u
217 2065 320 2145 Deum
342 2063 629 2149 flagitamussvotis‚
653 2063 782 2146 subjicit
793 2063 855 2126 suis
867 2059 987 2146 legibus
999 2061 1159 2140 fortunam

181 2203 199 2246 u
216 2190 252 2248 et
270 2167 412 2263 quamvis
433 2171 572 2238 ferocem
591 2169 847 2262 saevientemque
858 2173 893 2236 in
903 2197 1038 2258 vacuum
1048 2173 1155 2240 effun-

181 2280 294 2353 «dere
323 2283 424 2348 minas
454 2285 545 2368 cogit.
578 2271 811 2371 Res·prosecto
833 2286 936 2369 major
958 2301 1027 2368 est,
1063 2307 1159 2375 quam.

67 2477 72 2486 Ι
179 2421 196 2462 a
216 2413 297 2482 quae
308 2391 349 2456 ab
361 2389 421 2458 hac
432 2395 503 2457 meh
514 2390 728 2459 imbecillitate
739 2409 772 2456 et
782 2391 869 2483 apud
880 2417 997 2483 paucos
1007 2393 1156 2478 dicatm3

180 2532 197 2572 (ι
215 2500 271 2568 sed
295 2525 377 2593 quae
399 2518 570 2567 sonantem.
582 2504 845 2592 ,uberrimamque
854 2501 1037 2602 facundiam
1047 2519 1158 2593 poscat

77 2637 80 2644 ·
180 2629 244 2680 «et
276 2635 394 2703 quam,
431 2610 590 2704 quicquid,
618 2623 823 2704 usquamest
842 2611 1029 2694 hominum,
1060 2629 1157 2702 queat

179 2719 377 2801 «exaudire,
397 2719 528 2812 quando
538 2745 636 2806 genus
647 2721 823 2798 humanum
832 2719 919 2787 nulli
929 2724 964 2787 in
975 2746 1010 2788 re
1021 2725 1152 2813 impen-

175 2860 195 2902 a·
210 2834 273 2897 sius
294 2829 482 2913 elaboravit,
504 2855 601 2920 quam
610 2850 648 2896 ut
663 2834 864 2898 imminentes
882 2856 1011 2898 casuum
1019 2835 1156 2922 impetus

176 2957 198 3009 ‘«
215 2941 368 3008 evitarct'
390 2942 429 3006 ln
450 2939 513 3006 hoc
535 2959 682 3032 aequatas
704 2943 845 3008 nubibus
869 2927 969 3032 Alpes
987 2959 1021 3008 et
1031 2945 1156 3008 nivibus

181 3078 197 3118 a
215 3067 337 3116 montes
358 3049 520 3142 glacieque
533 3069 712 3135 concretos,
729 3051 857 3126 labante
867 3055 995 3137 vestigio
1005 3056 1154 3144 percepi·

114 3175 118 3184 '
175 3175 198 3230 'u
215 3176 295 3230 tuus.
323 3160 362 3226 Iu
372 3159 435 3226 hoo
445 3159 548 3246 fragili
559 3185 617 3234 nos
625 3164 661 3228 in
672 3164 770 3228 maria
783 3163 1158 3248 nayejacientesarbitrio

180 3297 198 3337 «
216 3284 384 3352 tentorum
396 3270 1021 3363 fluctuumquepcnd'emusintentandae.
1043 3275 1083 3338 ln
1094 3273 1157 3342 hoc

181 3407 197 3446 «
215 3379 296 3444 avias
304 3376 487 3448 solitudines
498 3380 670 3448 interseras
676 3382 1156 3474 setisque'praedaeefferatiores

179 3515 197 3558 «
214 3487 357 3556 homines
368 3513 568 3580 pererramus
580 3495 665 3561 inter
672 3495 794 3580 ignotas
804 3511 921 3579 gentes,
933 3491 1155 3585 alienbpatrii,

178 3629 195 3666 ι(
213 3601 270 3665 ubi
293 3599 344 3666 vel
366 3600 497 3666 hiberni
519 3601 642 3668 caleant
663 3602 762 3686 soles,
785 3603 834 3670 vel
855 3606 971 3696 aestivo
980 3603 1051 3689 gelu
1059 3599 1157 3688 rigeat
1208 3615 1216 3624 ‘

178 3737 196 3775 u
213 3725 319 3794 terra,
338 3713 563 3805 perferrem,
586 3715 693 3798 ignes,
717 3732 984 3806 saxaraptamur3
1010 3733 1157 3800 augemus

179 3818 471 3892 «tiresnocendae
485 3823 649 3908 fortunae,
673 3820 767 3907 dum,
791 3849 830 3892 ne
840 3842 969 3907 noceat,
992 3826 1155 3916 prospici-

179 3957 195 3995 «
212 3939 304 4011 mus,
329 3942 537 4018 provocamus
557 3931 697 4024 pericula
719 3933 869 4026 periculis
891 3953 923 4002 et
938 3937 1047 4004 mortis
1061 3951 1176 4010 metu

178 4064 195 4104 t<
211 4041 331 4112 unimus
346 4041 381 4110 in
392 4061 528 4114 mortem
547 4061 580 4112 et
598 4061 760 4138 tamquam
772 4063 882 4114 contra
891 4063 1036 4116 naturam
1045 4042 1156 4112 ‚detor-
