2876 5026
261 606 441 710 plinarum
465 601 698 704 cognitionem
721 601 843 696 ducit,
871 603 965 675 viam
979 612 1115 676 mature
1129 597 1245 676 incul-

262 754 394 817 carent.

310 873 509 969 Postquam
521 867 670 942 exhisce
685 865 848 938 tirociniis
864 867 1004 940 excessit
1026 891 1240 958 acnrcons,

259 1003 479 1096 Locorum,
506 1000 598 1072 illius
623 998 795 1094 temporis
815 999 958 1070 unicam
980 999 1052 1071 lere
1076 999 1114 1070 in
1130 996 1242 1095 patrii

259 1132 475 1232 elegantioris
491 1130 669 1204 docuinae
683 1130 880 1223 vindicem,
894 1130 1002 1202 venit.
1029 1130 1128 1203 Haec
1142 1129 1241 1224 rubr,

257 1263 492 1336 eruditissimis
536 1261 738 1334 hominibus
772 1261 1093 1359 liberalissimisque
1122 1262 1241 1334 studiis

258 1395 425 1489 affluens,
452 1394 596 1492 Belgas,
610 1394 720 1466 immo
733 1405 770 1466 et
786 1393 981 1467 Germanos
1000 1395 1190 1492 Gallosque
1205 1394 1244 1464 in

257 1553 363 1602 suum
382 1526 582 1632 eruditionis
598 1525 700 1624 qrrasi
724 1527 923 1622 emporium
939 1525 1126 1598 alliciebat.
1167 1524 1242 1598 Ne-

257 1683 329 1755 que
340 1659 434 1730 enim
442 1659 591 1752 juvenes
603 1655 766 1728 ibirariis
784 1657 974 1753 disciplinis
987 1682 1028 1729 ac
1045 1657 1151 1729 literis
1167 1668 1243 1728 tan·

256 1803 357 1885 tum,
375 1815 500 1862 verum
516 1789 621 1862 etiam
637 1813 777 1860 morum
791 1813 876 1861 ema
888 1788 920 1886 (1
931 1790 965 1887 θ)
982 1791 1030 1861 ad
1045 1814 1165 1862 veram
1176 1791 1242 1861 hu·
1274 1815 1277 1824 ¹

256 1922 462 1994 manitatem
477 1919 800 1992 conlormabantur.
832 1918 1241 2018 AcnroorsigiturLo·

255 2057 408 2128 nouem
430 2051 527 2124 venit
542 2051 663 2148 ibique
683 2051 722 2122 in
737 2051 996 2148 paedagogium
1011 2050 1240 2148 caoss1(¹9)

255 2182 295 2252 in
311 2207 383 2280 quo
400 2194 480 2254 ante
497 2148 619 2252 omnes
634 2181 847 2276 disciplinas,
861 2183 1043 2254 dialectica
1056 2182 1240 2254 excoleba-

256 2323 340 2406 tur,
368 2324 527 2407 receptus
541 2322 603 2383 est.
638 2310 721 2383 Jam
733 2312 847 2382 statim
864 2337 1133 2383 anrsrornrnrr
1154 2312 1244 2384 arri-

255 2443 333 2540 puit
358 2455 464 2540 atquc
487 2442 619 2539 optima
646 2466 809 2540 quaeque
835 2443 1027 2530 disserendi
1053 2445 1242 2542 praecepta

254 2598 298 2647 ex
319 2599 362 2647 eo
378 2576 529 2672 collegit.
556 2574 640 2666 Quo
655 2573 879 2667 factumest,
906 2586 946 2645 ut
962 2574 1128 2671 singulari
1141 2580 1255 2673 argu·'

254 2709 436 2798 mentandi
460 2707 646 2778 mrbtrlitate
663 2718 699 2778 et
714 2706 877 2778 acumine
894 2731 1016 2778 omues
1033 2708 1119 2780 alios
1134 2751 1152 2800 ‚v
1173 2720 1243 2778 stu-

152 2929 156 2940 ·
254 2841 419 2935 pentibus
462 2839 771 2936 praeceptoribus,
809 2839 968 2910 celeriter
1001 2841 1238 2929 antecelleret.
1271 2869 1273 2874 ¹

123 2999 125 3006 ¹
255 2968 393 3042 Verum
422 2971 553 3068 optime
569 2971 648 3066 jam
663 2969 726 3041 diu
739 2983 960 3066 perspexerat
973 2971 1170 3068 ingeniosus
1182 2955 1240 3066 ju-

256 3101 371 3192 venis,
390 3127 532 3174 omnem
550 3091 788 3198 ‘eloquentiam
804 3125 826 3171 a
842 3103 981 3198 copiosa
1001 3116 1035 3175 et
1049 3103 1171 3176 ornati
1185 3104 1238 3176 di·

256 3234 361 3304 cendi
377 3232 539 3306 facultate
549 3234 778 3329 repetendam
791 3257 879 3304 esse.
906 3232 929 3304 J
930 3258 989 3304 am
1003 3234 1066 3305 diu
1078 3260 1241 3306 cronno·
1301 3257 1304 3269 ¹

218 3415 222 3433 .
257 3389 320 3436 rus
345 3363 559 3457 ubematem,
590 3364 757 3436 sermonis
770 3365 938 3459 nitorem,
960 3366 1236 3462 simplicitatem,

257 3518 543 3586 ournorrrrrrrr
570 3497 853 3592 perspicuitatem
872 3511 908 3570 et
933 3498 1137 3571 facundiam
1152 3501 1239 3572 ada-

256 3637 423 3697 maverat.
465 3625 574 3722 Igitur
599 3627 688 3697 nibil
713 3629 917 3725 antiquius,
945 3630 1034 3699 nibil
1053 3631 1240 3724 optabilius
1279 3679 1287 3702 .

256 3756 399 3864 babuit,
413 3781 522 3860 quam
536 3770 577 3828 ut
584 3756 678 3830 bisce
691 3782 733 3829 ex
746 3758 902 3853 limpidis
918 3782 960 3828 ac
970 3759 1155 3853 pellucidis
1165 3787 1239 3858 ger-

256 3901 383 3958 manae
410 3886 573 3960 orationis
601 3887 755 3961 lontibus
782 3882 977 3961 masurlam
1002 3891 1238 3987 eloquentiam

256 4016 420 4120 hauriret.
449 4017 557 4110 Quod
574 4020 784 4114 consilium,
801 4021 909 4095 nolite
923 4045 1111 4119 quaerere,
1127 4043 1237 4118 quam
