2810 5024
693 463 820 562 ἰο

301 745 374 798 ιιιιι
395 731 624 820 quamcunque
647 727 719 820 quis
746 725 875 794 obviam
893 723 1114 817 cibistripiat,
1134 746 1205 794 sam
1213 747 1275 791 uon

298 825 315 907 ιι
333 838 488 928 primam,
515 837 573 906 sed
593 835 692 904 solam
708 837 843 927 putet,”
865 852 964 921 caet3
984 833 1041 902 sed
1052 837 1146 903 nimis
1170 859 1276 922 magua

297 963 346 1013 est
366 945 446 1015 haec
466 947 621 1032 laudatio,
650 971 749 1040 quam
772 969 853 1040 quae
875 947 999 1032 integra
1021 944 1076 1012 hic
1096 947 1277 1014 transscribi

298 1059 410 1148 possit.
1238 1061 1240 1070 ’

342 1162 413 1256 (²⁵)
437 1169 523 1235 Haec
539 1189 612 1260 spes
634 1180 900 1232 aenrconatt
925 1187 1053 1254 semper
1072 1163 1192 1251 alebat,
1214 1165 1277 1233 sore

296 1269 488 1366 aliquando,
513 1294 550 1343 ut
574 1272 760 1342 Germania
784 1295 858 1341 cum
876 1272 980 1339 Itala
1002 1274 1045 1342 de
1065 1274 1231 1344 doctrinae
1250 1292 1280 1342 et

293 1383 495 1478 eloquentiae
517 1383 612 1453 laude
638 1401 783 1453 certaret
818 1383 929 1476 Atque
952 1384 1038 1452 hanc
1059 1409 1154 1479 spem
1176 1411 1230 1482 ore
1253 1404 1282 1452 et
1372 1451 1373 1476 ἶ

291 1491 391 1562 literis
403 1499 527 1589 saepius
540 1521 614 1563 cum
632 1497 740 1562 amieis
748 1483 1001 1563 communicavit.
1014 1495 1280 1589 Inepistoliqua-

294 1601 1280 1691 damadaunonrlrumassertisthaeeejussuntverba:
1372 1603 1373 1686 J

339 1745 356 1786 ιι
376 1717 486 1781 Unum
506 1715 569 1783 hoc
593 1716 656 1782 tibi
677 1716 816 1799 affirmo,
836 1717 1000 1802 ingentem
1021 1713 1063 1781 de
1087 1733 1119 1782 te
1140 1718 1286 1808 concipio

294 1853 311 1894 ιι
330 1821 503 1909 fiduciam,
527 1849 749 1919 summamque
770 1827 806 1892 in
829 1849 921 1918 spem
944 1824 1106 1909 adducor,
1132 1825 1201 1892 lore
1224 1825 1281 1891 ali-

223 2017 226 2027 l
292 1964 309 2006 ιι
330 1933 483 2026 quando,
517 1953 553 2002 ut
573 1937 715 2026 priscam
733 1933 882 2002 insolenti
903 1936 1025 2002 Italiae
1046 1953 1080 2002 et
1103 1959 1283 2028 propemo-

290 2042 407 2112 «dum
430 2061 620 2135 occupatam
634 2045 719 2112 bene
734 2043 865 2111 dicendi
885 2043 1016 2131 gloriam
1036 2063 1284 2139 extorqueamus

291 2181 308 2221 ιι
325 2151 595 2244 vindicemusquc
612 2178 686 2239 nos,
712 2173 744 2221 ct
755 2156 796 2221 ab
808 2156 952 2240 ignavia,
977 2155 1042 2247 qui
1057 2179 1118 2222 nos
1129 2155 1285 2221 barbaros
1372 2175 1373 2196 ι

291 2289 309 2330 ιι
326 2260 476 2328 indoctos
496 2280 528 2328 et
539 2261 697 2350 elingues,
721 2281 754 2330 et
769 2265 795 2331 si
808 2261 889 2356 quid
900 2264 1008 2330 esthis
1020 2264 1198 2350 incultius,
1221 2287 1284 2332 esse
1372 2293 1373 2296 ¹

288 2395 308 2448 ιι
326 2372 731 2458 Ῑιοιίιιιιιι,ἰιιιοίιειιιιιιε,
754 2373 958 2466 firtmamque
973 2391 1039 2442 tam
1048 2375 1187 2442 doctam
1197 2393 1231 2442 et
1240 2374 1282 2440 li-
1372 2351 1373 2388 ³

288 2510 305 2551 ιι
326 2499 462 2548 teratam
476 2479 693 2568 Germam'am
704 2499 862 2569 nostram,
878 2501 991 2552 utnon
1003 2487 1155 2553 Latinius
1166 2484 1220 2556 vel
1229 2489 1281 2578 ip-

185 2589 189 2598 ’
291 2622 308 2662 ιι
327 2617 398 2658 sum
409 2595 450 2660 sit
461 2591 632 2659 [σώθηθ’

329 2704 370 2770 In
392 2703 501 2789 Εριὶιι.
523 2705 539 2769 Ι
562 2703 603 2769 ad
627 2721 747 2771 anax.
769 2719 947 2770 anetum
970 2705 1015 2769 ita
1036 2706 1173 2773 scribit:

330 2841 348 2882 ιι
365 2813 439 2878 Non
451 2810 542 2878 facile
555 2810 707 2896 dixerim,
721 2829 878 2904 quantum
888 2811 968 2878 mihi
979 2811 1158 2904 voluptatis
1170 2813 1281 2882 literae
1372 2851 1373 2858 ι

283 2951 300 2993 ιι
316 2939 390 2988 tuae
401 2921 587 3006 attulerint,
608 2945 710 3015 quum
721 2921 811 3015 quod
824 2939 911 3008 tuae,
923 2922 959 2988 id
970 2939 1017 2989 est
1028 2927 1191 2992 carissimi
1203 2925 1283 2990 mihi
1308 2917 1312 2928 ⁸
1357 2996 1359 3000 ,

281 3053 299 3101 ιι
317 3032 455 3098 hominis
465 3050 573 3115 erant,
587 3049 657 3098 tum
665 3030 754 3124 quod
761 3031 920 3118 intelligo,
934 3031 1282 3126 quotidiepolitiorem

282 3171 299 3211 ιι
319 3158 350 3207 te
374 3139 632 3234 limatioremque
656 3142 729 3208 fieri
744 3159 777 3208 et
788 3167 944 3207 summam
954 3145 989 3208 in
1001 3167 1095 3235 spem
1110 3145 1280 3229 adducor,

280 3273 297 3320 ιι
315 3267 371 3316 aut
390 3267 446 3317 tuo
456 3247 582 3336 ductu,
595 3255 655 3319 tuis
666 3255 794 3320 monitis
805 3241 1065 3337 etiustituticne,
1087 3275 1149 3322 aut
1160 3255 1283 3323 nullius
1313 3303 1316 3312 ‚

280 3371 297 3429 ι’(
315 3379 481 3451 praeterea
491 3363 629 3448 viribus,
643 3362 792 3430 cultiores
803 3361 909 3430 literas
920 3366 956 3430 in
970 3361 1198 3432 Germaniam
1210 3362 1282 3460 per·

280 3501 298 3541 ιι
316 3487 468 3538 venturas
478 3491 511 3538 et
522 3495 630 3542 arcem
639 3472 814 3567 aliquando
823 3479 1067 3566 occupatores.”

324 3577 396 3672 (²⁶)
419 3581 545 3651 Videat.
567 3601 830 3651 searconaa
851 3602 930 3651 orat.
947 3585 1033 3660 laud.
1046 3585 1282 3654 ubiin-teralia

281 3689 380 3758 haec:

322 3835 340 3876 ιι
357 3805 405 3870 De
428 3802 552 3869 Musica
575 3802 655 3895 quid
677 3805 792 3871 attinet
813 3803 939 3887 dicere,
973 3823 1046 3897 post
1069 3804 1283 3874 illustrissimi

276 3943 293 3984 ιι
312 3915 471 4008 principis
482 3909 585 3980 nostri
597 3914 778 4002 judicium?
791 3916 935 4006 quicum
944 3916 1009 4006 ipsi
1018 3913 1149 3984 tantum
1165 3919 1279 3985 tribu-

275 4053 293 4094 ιι
311 4041 360 4107 at,
380 4041 539 4116 quantum
551 4049 661 4093 omnes
673 4023 834 4108 videmus,
860 4049 928 4091 non
939 4029 1159 4112 committam,
1173 4044 1214 4095 ut
1225 4029 1285 4095 vi«

274 4165 291 4207 ιι
310 4129 389 4202 clear
411 4137 562 4216 nonsatis
573 4133 881 4228 laudatumput'are,
909 4136 999 4230 quod
1010 4139 1080 4230 ipse
1093 4155 1278 4230 tantopere
