2876 5026
556 455 679 547 *ra

181 712 293 786 quam
318 687 534 782 Graecorum
559 686 679 758 literae
697 699 732 757 et
743 685 903 758 doctrina
918 686 1020 758 rudia
1035 635 1164 763 llorna·
1256 791 1259 796 Α

183 846 311 892 norum
340 820 481 918 ingenia
512 818 559 889 ad
591 818 848 889 humanitatem
883 817 1160 895 efformaverant.
1236 818 1240 828 ’

184 950 274 1023 Hinc
287 951 480 1047 aliquando
494 1005 503 1044 ‚
529 949 748 1020 Graecorum
765 950 931 1045 exemplis
944 976 1024 1022 usos
1038 975 1078 1024 ac
1092 953 1164 1024 dis-

181 1083 312 1178 cipttnt
346 1083 525 1175 imbutos,
566 1049 645 1152 suos
684 1104 904 1172 rancores,
945 1106 1163 1154 renoscan-

182 1241 276 1309 ηε,
312 1206 834 1306 nouenos,'r11rnnnosoun
873 1211 991 1284 Romo
1016 1213 1160 1286 viderat.
1247 1233 1251 1238 ·

183 1343 320 1416 Verum
344 1345 524 1442 ingentes,
548 1343 678 1442 quibus
691 1343 854 1414 Romana
867 1342 982 1414 civitas
998 1345 1166 1441 exagitata

182 1473 272 1570 luit,
289 1477 520 1568 calamitates,
535 1499 677 1544 morum
693 1474 868 1569 pravitas,
885 1472 1094 1544 immanium
1106 1477 1165 1548 dc·

183 1607 289 1704 nique
322 1608 538 1705 populorum
569 1605 782 1678 incursiones
819 1603 1033 1676 horrendam
1065 1606 1181 1677 istam*

180 1743 398 1837 primaevam
419 1739 619 1813 barbariem
632 1741 710 1834 jam
722 1739 785 1812 diu
799 1739 838 1809 in
850 1721 1003 1810 Italiam
1014 1739 1166 1818 reduxe-

180 1859 271 1942 rant.
300 1872 426 1967 Itaque
440 1870 595 1942 Graecia
607 1869 754 1962 iterum,
768 1894 833 1963 per
846 1868 982 1940 exsules
991 1868 1164 1963 eruditos,

81 2001 85 2012 '
183 2001 436 2097 elegantiorem
471 1999 652 2069 literarum
677 1997 1012 2094 disciplinarumque
1033 1997 1166 2070 lumine

183 2129 336 2212 Itulchm
356 2131 549 2204 illustravit.
589 2129 679 2201 Ante
700 2155 820 2200 omnes
834 2155 916 2201 vero
936 2153 1165 2202 rnrononus

182 2288 306 2357 orzi,
336 2287 579 2334 imsrornms
600 2263 726 2358 scripta
745 2286 934 2354 enarrans,
957 2261 1162 2336 Dialectices

176 2407 212 2466 et
223 2395 470 2491 Philosophiae
482 2395 636 2466 studium
647 2395 844 2468 Farrun’oe
858 2395 1074 2466 instauravit.

228 2525 319 2596 Ante
344 2551 577 2599 nnrnsaoan
598 2525 745 2598 Latinus
773 2549 886 2596 sermo
912 2527 1057 2620 putidus
1077 2526 1157 2627 diu,

182 2653 356 2726 obsoletus
379 2679 579 2751 parumque
605 2653 786 2751 expolitus
794 2656 967 2748 jacuerat.
1011 2655 1058 2727 At
1079 2681 1159 2730 vero

177 2785 286 2879 hujus
307 2787 500 2858 eruditione
528 2811 568 2856 ac
584 2783 691 2882 operd
706 2811 748 2856 ex
764 2786 930 2857 diuturno
948 2787 1048 2883 quasi
1063 2813 1157 2860 som-
1259 2797 1262 2816 “

176 2943 223 2988 no
249 2919 471 3018 expergefieri
497 2932 601 3016 atque
629 2919 824 3016 diligentius
852 2920 891 2990 in
910 2915 1026 2990 Iratat
1047 2923 1155 2996 excoli

176 3052 300 3146 coepit.
343 3051 416 3146 Ipsi
441 3052 587 3148 quidem
613 3075 845 3138 rnrancnn
866 3051 1012 3147 ingentis
1026 3025 1153 3130 laboris

179 3179 308 3252 fructus
334 3182 525 3254 uberrimos
548 3183 666 3255 videre
686 3209 761 3254 non
772 3184 881 3255 hcuit.
920 3183 966 3256 Hi
982 3187 1075 3260 enim
1090 3191 1152 3264 diu

72 3393 77 3404 Ι
176 3323 256 3406 post
272 3312 355 3405 ‘ejus
383 3312 540 3404 obitum,
567 3340 651 3386 cum
667 3314 758 3388 hene
774 3329 809 3388 et
821 3319 996 3415 eleganter
1013 3324 1152 3400 dicendi

176 3442 331 3513 studium
357 3469 478 3516 omnes
503 3447 665 3542 tenebat,
693 3450 837 3522 demum
859 3453 906 3522 ad
919 3457 1150 3532 maturitatem

176 3589 421 3668 pervenenmt.
468 3577 550 3669 Qua
574 3581 611 3652 in
635 3606 673 3653 re
699 3607 872 3655 auersos
898 3611 1148 3690 notrannus,

175 3727 360 3799 ronanus·
392 3735 503 3782 arens
550 3739 853 3786 murnentanus
862 3770 876 3806 ,
922 3745 1151 3802 auunculus

176 3861 384 3912 nanninus
399 3855 434 3914 et
449 3871 691 3918 rruarrrrns
707 3875 827 3922 varri
837 3851 884 3924 ita
894 3860 1148 3964 excelluerunt,

175 3983 508 4074 utporrorumnr
523 3981 630 4052 veluti
640 3992 1058 4070 etruvensrnsredivivi
1067 4023 1150 4074 eva-

175 4102 292 4178 serint.
337 4105 531 4193 Ferrea-the
557 4125 634 4188 tum
660 4116 837 4216 inprimis
854 4149 1008 4210 srnozz1
1023 4143 1147 4237 potita,
1204 4191 1210 4202 ·
