2810 5024
736 439 788 538 oa

229 789 232 796 Ι
268 685 473 771 conoessum
495 706 603 788 esset,
630 707 708 768 tum
731 695 849 778 neseio
866 693 954 790 quid
968 695 1194 790 praeclaram
1208 717 1250 766 ae

266 829 441 926 singulare
462 827 501 900 in
517 826 768 912 ooexstitisset..
794 825 1054 924 Nescio,ssquid
1070 827 1252 918 alii'senti-

265 975 338 1034 ant.
377 963 467 1034 Mihi
495 986 721 1034 tortuosos
748 985 879 1034 nomen
901 960 1156 1035 sanctissimum
1181 974 1249 1054 est,

264 1095 507 1192 eandemque,
535 1120 645 1192 quam
659 1096 800 1168 maximi
816 1096 924 1168 nostri
940 1096 1085 1185 eruditi,
1096 1094 1250 1192 ,gloriam

195 1201 197 1209 Ι
263 1229 390 1300 mereri
415 1229 564 1302 videtur.
605 1196 789 1326 Equideni
806 1227 1060 1323 fateoriu'isse,
1087 1210 1250 1326 quirne-

261 1353 407 1434 lioribtis
434 1362 567 1440 atr-xiiiio
594 1363 725 1456 adjuti,
753 1363 892 1458 longius
919 1361 1043 1454 etism,
1076 1386 1186 1459 quam
1209 1362 1249 1434 il-

261 1493 316 1588 le,
336 1496 374 1567 in
389 1496 631 1570 doctrinarum
648 1519 817 1592 eampum
832 1495 1003 1593 progressi
1019 1496 1098 1568 sint.
1128 1471 1247 1568 Etiam

259 1629 350 1701 illud
366 1630 541 1730 adjungo,
558 1632 741 1725 exstitisse,
760 1633 823 1728 qui
833 1633 1037 1730 insigniora,
1049 1655 1161 1728 quam
1170 1631 1245 1724 illo,

259 1761 462 1834 eruditionis
487 1763 683 1834 testimonia
699 1762 736 1834 in
751 1763 871 1842 lucem
887 1765 1165 1860 adspectumque
1182 1763 1246 1834 ho-

258 1869 396 1968 minurn
411 1896 583 1970 dederint.
613 1897 731 1994 Atque
740 1897 836 1971 idem
846 1921 911 1994 ego
922 1897 1113 1986 contendo,
1133 1921 1245 1986 soar-

258 2052 380 2100 eoesn
396 2055 527 2102 nomen
544 2043 688 2125 propter
704 2029 840 2128 infinita
855 2030 893 2101 in
906 2029 1149 2106 Germaniam
1160 2027 1244 2100 Bel·-

252 2166 428 2260 9iomque
449 2163 653 2240 eruditionis
675 2165 800 2238 merita
815 2166 947 2236 nullius
964 2163 1091 2248 eruditi
1107 2161 1244 2234 nomini
1286 2167 1288 2170 ’

254 2293 546 2388 postponendum
568 2319 654 2366 esse.
702 2295 828 2376 Dicam
854 2298 971 2393 quod,¹
978 2295 1089 2382 sentio
1119 2307 1176 2386 et,
1201 2305 1244 2364 ut

255 2425 421 2515 arbitror,
452 2423 569 2498 dicam
601 2451 695 2498 vere.
726 2427 1044 2500 Asnroosaaiaus
1061 2425 1241 2520 est,.Ger-

253 2583 443 2630 manorum
470 2558 734 2658 Belgarumque
757 2561 893 2633 animos
908 2561 1042 2655 primus
1060 2559 1241 2653 expoliisse
1325 2640 1327 2649 Ι

252 2692 557 2792 ignorantiaotpre‚
592 2710 632 2768 ut
656 2697 705 2768 ita
731 2697 875 2790 diram,
896 2693 1118 2792 aeruginem,
1146 2715 1240 2790 quae

118 2901 121 2908 ,
251 2847 315 2919 per
352 2829 493 2898 saecula
518 2851 643 2898 eorum
667 2830 809 2925 ingenia
836 2829 1021 2900 obsederat
1046 2851 1087 2896 ac
1115 2839 1239 2916 eonta-

251 2961 446 3034 ruinaverat
450 3017 464 3052 ,
500 2961 706 3035 abstersisse.
761 2961 992 3034 Aenrcossn
1029 2961 1139 3058 gloria
1160 2945 1236 3050 esd,

251 3095 395 3166 summis
413 3097 554 3168 eruditis
568 3096 716 3193 pollenti
734 3118 951 3190 omnemque
968 3094 1148 3180 doetrinae
1159 3093 1238 3163 oul-

250 3236 327 3294 tum
351 3227 418 3297 sibi
447 3227 639 3298 vindicanti
672 3225 806 3300 Italiae
849 3223 1093 3299 Germaniam
1116 3223 1238 3322 Belgi-

250 3381 386 3454 remque
399 3360 593 3432 eruditione
609 3372 643 3431 et
660 3359 800 3456 ingenio
811 3358 999 3454 praeclaris
1008 3357 1237 3446 virisredun-

250 3489 373 3562 dantes
389 3495 605 3594 opposuisse.

236 3615 270 3711 Ῠ,
298 3623 415 3726 Erunt
441 3625 600 3720 fortasse,
629 3627 691 3724 qui
709 3625 807 3732 =haee
824 3651 846 3696 a
863 3619 1233 3720 memagnifioentius,

249 3771 360 3853 quarn
379 3758 493 3828 verius
509 3759 580 3830 dici
593 3743 737 3854 putent,
766 3783 856 3854 quos
869 3770 1007 3849 tamen,
1035 3781 1112 3828 rem
1127 3780 1235 3827 aceu-

152 3913 156 3922 ·
249 3901 322 3960 rate
346 3867 600 3987 ponderantes,
624 3915 705 3961 mea
731 3890 824 3961 diota
851 3888 1139 3986 comprobaturus
1166 3912 1234 3960 ou-

250 4045 367 4117 guror.
407 4021 655 4122 Nequeenim
684 4022 774 4092 adeo
801 4017 946 4092 insanus
961 4045 1047 4117 ego,
1074 4020 1137 4118 qui
1153 4043 1236 4090 oon-

218 4213 221 4218 .
248 4152 533 4248 renderevelim,
552 4155 667 4228 solum
682 4179 934 4246 semeonis,
952 4178 1025 4248 uno
1036 4150 1233 4252 quasiiotu,
