2876 5026
652 411 799 508 9.,

186 653 340 750 egregios
363 645 505 720 effectus
527 643 701 716 habuerit.
739 640 866 740 Neque
890 643 986 714 enim
1002 645 1167 741 antiquo*
1221 681 1235 718 x

186 810 269 856 rum
298 793 537 871 venustatem,
565 778 702 850 lumina
725 799 939 872 veneresque
964 776 1171 872 degustabat

157 917 321 986 'tantum
337 927 373 986 et
391 914 509 984 animo
524 893 691 1007 infigebat
704 927 714 1002 ς
728 909 790 980 sad
807 908 913 980 etiam
929 907 975 978 de
989 909 1057 1001 his,
1075 933 1168 1004 quae

185 1045 500 1143 epraeoeptoribus
514 1044 552 1112 in
565 1041 691 1113 scholis
708 1052 912 1135 acceperat„
930 1040 1069 1134 copiose
1083 1040 1168 1110 scri·
1238 1033 1240 1038 ’

183 1177 269 1250 bere
302 1201 408 1274 seque
436 1177 485 1248 ad
508 1173 721 1270 optimorum
747 1171 954 1265 scriptorum
979 1170 1170 1266 imaginem

184 1307 377 1379 efformare
392 1290 562 1377 tentabat.
603 1303 730 1399 Itaque
751 1301 850 1372 brevi
865 1313 1021 1397 tempore
1037 1300 1170 1372 laotrun

91 1522 95 1531 Ι
183 1453 260 1534 est,
288 1450 332 1508 ut·
354 1462 476 1509 omnes
503 1435 645 1507 dicendi
672 1447 745 1505 arte
759 1435 980 1506 antecederet
995 1434 1169 1529 simulque
1251 1529 1254 1538 Α

184 1571 277 1644 felici
292 1571 447 1667 quadam
462 1567 559 1639 velut
575 1567 782 1663 contagione
797 1565 965 1662 politioris
981 1565 1059 1662 styli
1075 1590 1170 1636 emo-

64 1700 67 1706 *
88 1711 92 1720 '
183 1730 259 1778 rem
273 1705 313 1774 in
329 1703 580 1776 commilitones
597 1725 677 1774 suos
692 1699 961 1772 transfunderet.

231 1834 277 1906 In
315 1834 525 1904 scholasticis
561 1831 854 1926 disputationibus
893 1830 1170 1901 adversariorum

183 1977 391 2060 argumenta
416 1963 599 2056 diligenter
625 1961 846 2030 examinabat
869 1973 904 2030 et
933 1957 1167 2054 ponderabat.
1269 1934 1272 1938 ⁵

184 2095 323 2168 Deinde
337 2107 356 2189 ,'
368 2095 396 2168 si
413 2095 502 2192 quid
514 2093 749 2165 refellendum
766 2063 839 2165 erat
847 2147 861 2183 ,
879 2091 967 2164 mird
983 2093 1169 2166 subtilitate

183 2241 221 2300 et
246 2228 515 2324 argumentandi
542 2227 741 2322 dexteritate
767 2225 952 2298 refutabat.
992 2223 1077 2318 Nil,
1104 2228 1170 2298 nisi

181 2359 497 2454 praemeditatum,
526 2358 752 2446 absolutum,
773 2357 864 2433 bene
881 2359 1038 2428 vinctum
1054 2333 1170 2429 exibat

181 2515 225 2562 ex
239 2517 322 2581 ore,
350 2493 424 2583 nil,
443 2492 541 2589 quod
555 2516 629 2564 non
645 2490 747 2562 facile
765 2492 973 2582 acerrimum
987 2492 1168 2588 ingenium

105 2660 108 2684 ι
181 2623 358 2716 proderet.
402 2622 679 2723 Veruntamen,
701 2624 883 2722 quamvis,
917 2637 953 2694 et
983 2625 1166 2720 sagacitate

183 2752 247 2852 sud
273 2766 310 2824 et
336 2751 477 2825 dicendi
504 2753 604 2851 copiti
629 2756 718 2848 adeo
743 2755 906 2825 omnibus
926 2756 1141 2851 praevaleret
1150 2811 1164 2847 ,

181 2893 222 2952 ut
237 2883 341 2955 nullo'
354 2883 493 2980 negotio
511 2885 698 2961 adversarii
714 2885 864 2980 impetus
881 2883 1079 2982 frangeret,
1098 2887 1169 2958 dic-

181 3015 229 3088 tio
255 3016 330 3111 ejus
358 3029 477 3090 tamen
498 3019 587 3090 nibil
603 3019 863 3107 ostentationis,
895 3019 984 3088 nihil
1000 3027 1166 3114 arrogan-

182 3147 251 3218 tiae
295 3150 495 3222 vanitatisve
533 3152 700 3246 spirabat.
771 3151 815 3222 In
853 3151 957 3220 vultu
996 3151 1168 3250 disseren-¹

185 3277 227 3348 tis
261 3291 358 3374 grata
383 3281 559 3376 quaedam
584 3281 769 3371 festivitas,
807 3281 951 3354 comitas
987 3281 1169 3353 victoriae-

56 3413 64 3430 '
184 3434 255 3506 que
288 3409 418 3482 fiducia
446 3413 664 3507 splendebat.
682 3412 686 3420 '
702 3412 783 3489 Vox
810 3414 944 3510 gravis,
977 3438 1086 3508 quam
1111 3413 1168 3507 ip·
1226 3430 1229 3438 ’

181 3565 239 3612 sae
265 3541 418 3614 Pierides
445 3545 658 3616 modulatae¹
677 3558 778 3616 erant
786 3599 799 3634 ,
836 3545 1026 3640 aliquando
1049 3542 1169 3614 elatior

180 3675 302 3769 paullo
311 3729 324 3764 ,
363 3659 555 3774 aliquando
600 3679 772 3750 remissior
811 3700 853 3747 ex
887 3677 1009 3748 intimo
1048 3684 1170 3766 peote-

181 3830 219 3878 re
255 3807 375 3880 dulces
410 3834 513 3882 voces
542 3809 683 3882 edebat.
737 3807 901 3898 Etenim,
938 3809 985 3878 ad
1002 3803 1170 3875 Musicen

181 3962 264 4010 oum
296 3939 426 4017 naturai
461 3943 717 4039 propenderet,
761 3965 840 4012 eam
876 3939 1056 4010 Loaaaaiue
1091 3933 1171 4005 dili-

180 4083 301 4172 geuter
335 4075 493 4150 excolere
527 4074 644 4170 coepit
675 4085 782 4170 atque
807 4072 846 4142 in
867 4067 910 4144 el
934 4065 1071 4162 saepius
1097 4078 1171 4138 stu·
