2810 5024
545 441 676 557 sss

172 697 176 703 ·
209 679 281 770 (θ’)
304 679 399 768 Quae
420 673 474 743 hic
497 679 586 744 tenui
606 695 639 744 et
660 678 793 762 angunt
814 680 954 744 oratione
976 674 1152 768 proposui,

141 793 260 861 'fusius
293 787 397 854 multo
428 805 524 880 atque
558 785 731 888 elegantius
763 788 799 853 in
831 789 924 880 epist.
944 787 976 853 11
1002 783 1045 852 ad
1067 802 1151 852 tao.

128 947 132 960 ·
163 895 953 989 sansanisaunipsotradidiasoarcous.

145 1065 149 1072 .
208 1009 282 1100 (³⁸)
304 1007 432 1078 Videat.
454 1007 660 1094 Epistllad
685 1002 1149 1074 Jac.naaa1a.inverbis=

162 1123 301 1207 estquod
310 1121 349 1184 da
362 1122 400 1184 os·
412 1119 512 1184 allatu
530 1130 793 1186 tucaurtsu
816 1133 898 1184 caet.
1253 1191 1258 1198 Ι

209 1225 282 1320 (³⁹)
305 1230 398 1296 Hanc
433 1230 598 1320 epitomen
630 1244 841 1296 astantiam
861 1225 1018 1296 Electoris
1040 1239 1152 1310 rogatu
1232 1265 1241 1284 .

163 1356 431 1406 aculconsrs
474 1341 686 1432 composuisse
724 1355 858 1404 narrant
889 1338 1027 1428 scriptor
1053 1343 1150 1400 anon.

164 1447 372 1534 Effi99.caet.
393 1463 539 1514 sarus
562 1448 689 1542 aliique.

169 1569 175 1580 ’
212 1556 284 1648 (⁴0)
306 1556 546 1650 inspectas
568 1577 695 1626 arax.
718 1555 995 1626 uacruuhaac
1014 1569 1149 1621 scas·

167 1683 306 1736 conss:
331 1668 536 1736 suntverba:
638 1679 660 1688 ”
729 1681 731 1687 ’
1130 1683 1134 1694 ’

168 1789 174 1798 ”
205 1813 251 1826 -
280 1814 327 1826 —
358 1809 375 1851 ‹<
393 1775 512 1860 deinde
539 1776 690 1844 nonnihil
711 1780 864 1870 temporis
889 1777 1028 1842 absumit
1047 1773 1149 1857 mihi,

147 1903 178 1958 ,ὰ
196 1887 287 1979 quod
299 1886 447 1978 praelego
457 1886 606 1978 publice,
629 1892 754 1954 tametsi
763 1887 798 1954 id
809 1891 916 1979 ipsum
925 1888 998 1952 satis
1010 1907 1148 1976 suspen·-

161 2026 180 2067 u
197 1997 232 2062 sit
244 2021 397 2088 peragam
407 2021 515 2062 manu.
546 1999 605 2063 Est
616 1996 811 2064 auditorium
820 1996 920 2080 mihi,
943 2013 981 2061 ut
989 1995 1052 2060 hoc
1062 1992 1150 2075 loco,

161 2117 180 2176 t<
197 2109 271 2172 satis
293 2105 459 2198 frequens.
494 2106 561 2174 Sed
585 2125 692 2180 tamen
713 2123 790 2174 sunt
807 2105 965 2193 ejusmodi
984 2104 1069 2186 fare,
1094 2105 1151 2194 qui

161 2218 392 2308 «propensius
416 2219 556 2308 cupiunt
576 2217 654 2283 haec
676 2217 803 2300 studia,
834 2240 932 2309 quam
955 2211 1152 2282 commodius

161 2354 180 2396 «
195 2327 331 2416 possint.
366 2325 507 2393 Maxima
529 2353 604 2420 pars
625 2330 768 2414 magistri
789 2345 886 2412 sunt,
903 2344 964 2393 aut
973 2325 1151 2394 scholastici

159 2465 176 2506 u
195 2434 247 2524 (ut
266 2459 326 2502 nos
349 2435 499 2528 dicimus)
519 2442 658 2522 artium,
682 2439 802 2529 quibus
823 2461 950 2503 necesse
962 2453 1031 2519 est,
1054 2457 1149 2501 omne

55 2637 57 2642 ι
147 2537 178 2616 'tt
195 2561 328 2637 tempus
340 2545 401 2614 iilis
412 2551 475 2614 suis
486 2545 961 2638 cavillationibusimpendere,
985 2547 1145 2632 angustis·¹
1171 2581 1175 2590 ·

159 2683 177 2725 u
194 2658 311 2721 simum
322 2675 354 2724 et
364 2657 451 2725 velut
461 2659 664 2724 subsecivum
675 2656 739 2723 diei
749 2656 965 2742 fragmentum
976 2653 1145 2747 quoddam

158 2793 176 2835 «
192 2767 227 2831 in
244 2765 324 2832 haec
336 2767 439 2836 studia
451 2784 543 2860 patet
553 2765 635 2854 illis3
662 2791 729 2862 quo
740 2766 800 2851 fit,
824 2781 861 2832 ut
871 2768 934 2858 ipsi
944 2769 1050 2832 minus
1062 2786 1143 2855 pos·-

156 2905 175 2947 «
192 2878 305 2942 aiut-et
314 2902 373 2964 ego
383 2880 512 2966 segnius
524 2879 655 2944 coner.’'

203 2981 274 3076 (⁴¹)
307 2981 510 3057 Jacoauu
540 2993 858 3056 sarmatarum
883 2983 935 3073 (ἐκ
961 2983 1087 3073 Effa'qq.
1112 2994 1145 3048 et

158 3091 251 3161 Vua
267 3113 345 3164 caet
362 3101 566 3165 minusneete
578 3113 893 3166 usaasursrus
907 3094 1039 3184 dicitur)
1051 3091 1141 3159 Has·-

154 3206 318 3292 delhesyaa
351 3206 557 3302 discipulum
576 3232 642 3275 nou
663 3207 777 3272 habuit
799 3222 1050 3288 acarcoua,
1086 3203 1144 3272 sed

154 3309 363 3403 Antoeaps’ue
375 3316 498 3406 degens
509 3343 583 3385 eum
594 3317 704 3385 docuit
712 3343 750 3384 ac
761 3333 872 3411 postea
882 3315 1055 3384 utilissimis
1067 3340 1143 3382 ore·
1163 3331 1177 3386 '.

50 3501 59 3516 Ι
153 3423 359 3519 berrimeque
379 3431 483 3497 missis
504 3427 604 3497 literis
614 3445 807 3522 praeceptor
825 3427 1068 3521 studiorumque
1077 3425 1145 3492 dux

153 3537 184 3600 ei
195 3538 325 3618 exstitit,

200 3642 272 3736 (⁴²)
297 3650 482 3715 Cornan
504 3669 697 3733 currus,
722 3645 774 3715 vel
795 3650 928 3739 proprie
948 3651 1142 3720 uesssut.

153 3780 183 3820 a.
201 3755 441 3827 ‘MCCCCLIX
452 3775 547 3825 nutus
558 3761 701 3851 primum
712 3754 1143 3826 Colonaaadeinde‘Hosilel·
1217 3745 1223 3760 ’

151 3863 288 3952 berytia,
324 3885 557 3936 aonscous
593 3868 697 3954 duee,
721 3867 823 3936 literis
845 3885 976 3960 operam
996 3863 1089 3934 dedit
1109 3881 1144 3932 et

150 3991 264 4066 postea
286 3974 455 4046 doctrinae
482 3980 578 4074 cupii
598 3996 632 4047 et
641 3979 728 4048 felici
740 3988 873 4072 poeseos
886 3975 975 4044 cultu
989 3975 1152 4064 diguissi·'

151 4107 242 4154 mum
264 4103 401 4157 setanto
410 4108 624 4184 praeceptore
635 4087 831 4184 discipulam
840 4086 991 4158 ostendit.
1014 4085 1141 4158 Videat.

154 4193 427 4288 Cluturnum,
451 4225 523 4294 pag.
538 4201 614 4270 rot.
