2876 5026
673 517 797 606 ·,2

289 751 368 824 tisse
393 750 495 822 rideo
505 803 518 841 ,
547 749 645 822 haud
668 749 837 821 medioori
858 749 1036 846 voluptate
1048 759 1170 845 peetus
1184 752 1269 824 mihi

289 881 456 978 perfundi
472 884 576 956 solet:
596 883 790 980 quasivero
804 882 908 976 hujus
920 893 1036 952 tantae
1052 883 1181 978 gloriae
1190 909 1271 980 par-

242 1007 248 1020 '
289 1013 397 1083 tierda
414 1013 533 1110 aliqua
549 1013 655 1084 etiam
671 1013 719 1083 ad
734 1037 792 1083 me
807 1011 1033 1082 redundaret.

241 1213 247 1220 .
338 1141 485 1239 Insignis
501 1143 624 1238 hujus,
646 1167 755 1240 quam
769 1166 987 1213 summorum
999 1141 1155 1212 virorum
1165 1140 1269 1213 uber-

287 1283 358 1343 tate
371 1273 484 1368 patria
501 1273 566 1346 sibi
580 1272 813 1369 comparavit,
830 1272 944 1343 laudis
961 1295 1126 1368 magnam
1142 1271 1180 1340 in
1193 1270 1268 1366 pri-

287 1401 352 1472 mis
374 1415 511 1497 partem
533 1402 725 1500 Groniapo
735 1400 786 1498 (¹)
811 1426 923 1497 prope
939 1426 1002 1472 suo
1013 1400 1094 1494 jure
1107 1400 1171 1473 sibi
1187 1401 1265 1493 vin-

287 1529 403 1604 dicare
417 1545 544 1629 potest:
563 1534 702 1630 quippe
713 1557 826 1628 qsrae,
849 1533 926 1626 jam
942 1533 1025 1602 inde
1043 1556 1064 1602 a
1080 1532 1212 1603 renatis
1220 1531 1266 1602 li-

285 1663 382 1750 teris,
405 1663 625 1758 tantaoapita
636 1664 740 1733 docto
751 1661 828 1736 orbi
839 1663 1020 1758 obtulerit,
1031 1663 1162 1760 quibus
1176 1687 1270 1760 quae

286 1814 466 1886 opponas,
482 1790 581 1861 haud
600 1789 701 1862 facile
715 1792 878 1886 reperies.

332 1923 470 1995 Horum
485 1923 608 1994 illustri
624 1948 666 1995 ex
681 1924 804 1995 ordine
817 1924 922 2020 primi
936 1924 1037 1995 nobis
1052 1924 1090 1994 in
1109 1922 1267 1993 animum

282 2054 466 2127 incurrunt
488 2080 685 2127 wassrsos
717 2055 1049 2153 eansroarros(²)
1067 2068 1102 2128 et
1122 2080 1267 2126 nonor-

282 2210 382 2256 rnus
408 2210 619 2256 neareona.
668 2184 832 2274 Quorum
857 2187 968 2279 alter,
998 2210 1081 2256 oum
1103 2187 1141 2255 in
1164 2185 1266 2256 variis

282 2317 494 2411 disciplinis,
523 2328 600 2386 tum
614 2316 831 2410 potissimum
858 2316 896 2386 in
919 2317 1118 2387 divinarum
1145 2341 1264 2386 rerum

281 2445 458 2538 doctrinis,
471 2470 512 2518 eo
523 2449 680 2543 pervenit
692 2447 914 2536 eruditionis,
927 2460 967 2517 ut
976 2448 1135 2517 omnium
1145 2447 1266 2518 aetatis
1319 2469 1325 2482 ·

280 2559 647 2690 suaeTheologomni
664 2579 766 2650 iaeil'e
785 2581 995 2676 prineepset
1007 2591 1094 2650 esset
1105 2577 1269 2649 athabe-

278 2724 385 2784 retur.
414 2711 601 2810 flagranti
623 2715 729 2784 enim·
741 2713 889 2786 ueritatis
904 2711 1125 2812 indagandae
1140 2712 1269 2820 ainora'

277 2841 439 2941 mirlqa'e
449 2841 589 2916 solertid'
600 2848 713 2915 totum
722 2899 739 2936 ,.
750 2851 823 2940 qua'
831 2844 902 2914 late
915 2855 1030 2938 patet,
1043 2842 1259 2941 Theologiae

277 2999 445 3071 eampum
457 2977 652 3074 peragravit
665 3029 675 3070 ,
692 2976 796 3069 vitia,
814 2975 944 3072 quibus
960 2963 1125 3046 sordebat
1136 2975 1259 3047 Eccle-

276 3105 326 3174 sia
342 3103 555 3200 Christiana,
572 3106 772 3202 perstrinxit.
785 3130 827 3178 ao
843 3105 1005 3198 insanas,
1023 3124 1117 3201 quae
1133 3131 1264 3191 verum·

274 3215 413 3309 Summi
438 3233 1018 3335 Numiniso'rrltdminquinabann
1043 3207 1272 3320 ceremonias]

274 3361 320 3439 de
332 3369 491 3440 sedibus·
511 3369 693 3465 depellere
704 3383 850 3442 conatus
865 3383 927 3460 est.
952 3370 1045 3466 'Qu'a
1059 3371 1098 3442 in
1113 3395 1157 3440 ro·
1167 3369 1253 3464 quid

272 3500 398 3574 mirere
415 3501 548 3598 magis,
566 3501 695 3598 ingenii
712 3527 876 3597 acumen,
894 3528 941 3574 an
956 3503 1153 3596 lenitatem,
1174 3501 1250 3572 val-
1339 3521 1349 3534 ·
1415 3499 1416 3512 ¹

272 3631 317 3702 de
331 3605 482 3716 dubitas,
511 3631 811 3719 Wassaausfuit
826 3689 836 3728 ,
854 3635 915 3731 qui
931 3635 1102 3734 plurima,
1119 3661 1141 3706 a
1156 3657 1270 3722 sum-,

269 3767 536 3835 mo²³tornaao
552 3763 722 3861 aliisque.5
741 3765 805 3860 qui
819 3765 1034 3836 eumsactati
1051 3779 1132 3836 sunt
1145 3779 1253 3860 ,pos-

268 3895 333 3962 tea
361 3881 398 3964 iri
419 3891 551 3991 ''lucein
584 3906 782 3990 protracta,
819 3893 896 3986 jam
930 3905 1034 3972 antea
1060 3891 1253 3962 divinando

265 4023 446 4098 interierit·
461 4039 567 4123 atque
582 4023 659 4098 'tam
674 4024 855 4122 praeclare
871 4021 1065 4117 exposuerit
1081 4075 1090 4115 ‚
1115 4034 1155 4094 ut
1168 4045 1250 4092 om-

263 4156 465 4250 nibuspin
497 4153 616 4254 primis
648 4183 850 4252 rostanno,
893 4155 1117 4256 admirationi·
1148 4167 1251 4228 estote

1301 4108 1330 4168 χ
1413 4071 1414 4140 ξ
