2876 5026
674 463 725 533 29

211 698 422 796 primpribus
436 695 582 793 quidem
594 695 700 766 labris
717 695 918 793 attigerant,
934 695 1186 792 inconsiderate

214 830 426 902 disserebant
445 841 550 924 atque
575 828 642 922 ipsi
652 827 802 923 ‘'saepius
820 853 856 900 se
879 830 947 900 suis
966 829 1186 900 acuminibus

213 959 505 1056 compungebant.
548 957 628 1029 Huc
654 960 844 1030 accedebat
869 961 1044 1056 singulare
1064 970 1193 1032 eorum'

202 1061 382 1180 studium,
409 1113 499 1184 quo,
523 1088 640 1159 nescio
658 1113 730 1185 qua
745 1091 869 1162 mentis
884 1087 1053 1186 pravitate
1067 1091 1182 1183 ducti,

211 1225 341 1295 inlocis
350 1222 523 1316 obscuris,
536 1223 641 1318 spinis
653 1223 831 1317 obductis,
845 1197 1076 1321 sordibusque
1086 1249 1188 1320 squa-

208 1357 359 1429 lentibus
378 1353 596 1451 po'tissimum
613 1356 830 1446 desiderent,
857 1360 990 1454 quippe
1006 1360 1045 1429 in
1060 1359 1189 1454 quibus

209 1488 338 1584 ingenii
351 1490 514 1558 'acumen
538 1487 661 1556 eximie
688 1487 872 1582 splendere
888 1511 989 1581 posse
1006 1493 1182 1580 putarent.
1322 1519 1324 1524 ’

211 1617 306 1688 Haec
330 1618 408 1688 loca
433 1617 590 1713 quotidie
614 1618 786 1713 perplexis
805 1617 1045 1712 disputationis
1062 1617 1186 1692 amba-

210 1749 310 1845 gibus
340 1749 532 1842 vexabant,
569 1748 608 1818 in
632 1749 726 1819 bisce
751 1737 1018 1845 perscrutandis
1034 1748 1185 1821 immen-

208 1905 283 1952 sam
298 1905 415 1972 suam,
433 1882 461 1951 si
474 1879 537 1949 Dis
550 1879 682 1973 placet,
701 1879 932 1950 eruditionem
941 1879 1180 1951 venditabant.

209 2008 272 2080 His
292 2031 434 2104 quoquc
448 2007 601 2078 minutiis
616 2007 740 2078 misera
750 2008 925 2099 juvenum
940 2009 1081 2103 ingenia
1097 2033 1184 2080 con·
1245 2019 1263 2076 “.

209 2139 420 2234 torquebant
437 2163 649 2249 omnemque
664 2138 768 2208 simul
778 2138 935 2210 discendi
945 2139 1107 2211 ardorem
1118 2151 1186 2214 ‘res-

208 2267 415 2366 tinguebant
433 2281 542 2364 atque
558 2292 679 2338 omnes
692 2266 826 2364 fruges,
854 2269 892 2338 in
903 2269 1118 2362 juvenilibus
1133 2273 1186 2342 in·
1237 2241 1245 2260 .

195 2400 332 2495 *geniis,
360 2399 456 2470 laetis
480 2399 587 2470 veluti
601 2399 639 2468 in
654 2398 790 2491 herbis,
814 2423 835 2468 a
850 2398 975 2470 natura
991 2402 1182 2495 involutas,

81 2621 88 2638 .
204 2546 398 2629 antequam
418 2532 466 2602 ad
480 2532 715 2602 maturitatem
731 2531 912 2625 pervenire
927 2519 1087 2626 possent,
1115 2545 1185 2604 tur-

205 2655 295 2759 piter
309 2661 542 2734 ·suffocabant
556 2659 644 2758 (³⁵).
657 2671 665 2776 '¹
690 2660 789 2749 Quid
814 2661 864 2730 de
888 2661 1033 2732 istorum
1058 2661 1183 2734 Latino

206 2819 365 2866 sermone
382 2796 519 2866 dicam?
546 2793 666 2888 cujus,
694 2805 867 2890 quotqmt
882 2807 1085 2890 supersunt,
1103 2781 1183 2890 spe-
1241 2807 1243 2814 '

206 2927 353 3017 cimina,
383 2929 461 3000 satis
489 2927 703 2999 horrendam
718 2939 902 2998 auctomm
915 2925 1114 2998 barbariem
1131 2953 1184 3000 os·
1228 2899 1234 2912 Ι

205 3061 365 3132 tendunt.
410 3059 534 3158 Spreta
560 3057 666 3130 aurei
680 3060 740 3130 illd
758 3083 970 3132 crcsaorrs
985 3060 1183 3156 simplicita-

207 3199 265 3280 te,
290 3190 468 3281 inflatum,
496 3193 692 3280 tumidum,
711 3191 849 3262 fatuum
865 3215 907 3261 ac
921 3192 1028 3286 plane
1042 3192 1184 3267 inusita⁴

207 3329 283 3388 tum
307 3342 416 3416 genus
440 3323 580 3395 dicendi
596 3322 760 3396 libentius
778 3321 1011 3395 sectabantur.
1062 3323 1182 3396 Oratio
1200 3407 1202 3411 ⁸

205 3473 329 3521 eorum
355 3450 454 3522 tristis
480 3465 514 3524 et
539 3454 681 3549 putida,
708 3453 870 3525 obsoletis
898 3467 933 3524 et
946 3455 1078 3550 grande
1094 3455 1183 3551 quid

203 3583 406 3655 sonantibus
426 3583 560 3675 verbis,
583 3587 744 3682 adquae
766 3587 889 3682 nrlgus
910 3598 1041 3683 stupet,
1070 3587 1182 3658 abun·

165 3685 167 3689 *
204 3695 318 3782 dahat'
330 3715 453 3809 etque,
481 3739 554 3810 quo
570 3712 742 3786 difficilius
759 3713 806 3784 ab
822 3715 1037 3786 auditoribus
1053 3716 1182 3788 intelli-

203 3839 392 3937 gebantur,
409 3869 451 3914 eo
461 3845 716 3942 eloquentiores
733 3844 942 3942 sibimetipsi
957 3846 1177 3920 videbantur.

192 3969 335 4082 'Magno
355 3973 458 4069 igitur
480 3975 554 4064 tiro
576 4000 665 4071 opus
682 3990 775 4064 erat,
802 3978 865 4072 qui
881 3977 1037 4052 docm’nt
1052 4003 1093 4050 ac
1108 3980 1182 4052 ele-

205 4099 318 4191 gantis
344 4100 407 4174 sud
431 4103 567 4181 futilem
592 4105 687 4178 istius
710 4108 839 4183 saeculi
856 4108 1087 4188 eruditionem
1101 4093 1183 4183 'vas-
