2810 5024
770 447 818 517 tt

298 701 440 753 conas
473 680 620 768 Epatl
653 679 696 748 ad
724 698 922 750 ttcoruu
948 701 1267 752 rsustnisnnu.

341 792 413 886 (³⁵)
436 795 483 859 De
506 791 594 857 hisce
606 789 960 882 doctoribusinEptirt.
973 793 1003 862 ΙΙ
1015 795 1056 862 ad
1072 814 1267 864 tacuit-

296 921 523 971 rturauuu
545 903 590 968 ita
610 903 725 969 scribit
742 919 994 973 Anntconsz
1071 985 1075 999 Α

339 1011 523 1106 «Plerique
547 1014 642 1078 etiam
663 1011 811 1104 loquaces
832 1011 889 1080 has
911 1032 944 1082 et
954 1017 1042 1082 inani
1052 1015 1188 1105 strepitu
1199 1035 1266 1078 cre-

295 1125 489 1216 «pitonius,
514 1146 593 1214 quas
613 1119 707 1208 vulgo
726 1141 808 1190 artes
821 1127 1067 1210 inminuamus,
1091 1120 1268 1190 sibivindi-

295 1263 313 1305 tt
331 1250 407 1300 cant
422 1251 454 1300 at
465 1231 628 1325 perplexis
640 1229 892 1326 disputationum
903 1236 1089 1322 ambagibus
1101 1232 1270 1312 ueletiam,

293 1371 311 1414 t<
328 1360 365 1411 ut
380 1345 483 1411 verius
500 1340 629 1426 dicam,
654 1346 881 1431 aenigmatibus
893 1345 980 1412 diem
991 1361 1117 1428 terunt,
1142 1361 1220 1435 quae
1229 1355 1273 1404 tot

294 1484 311 1524 tt
328 1457 395 1540 jam
415 1452 544 1520 saeculis
566 1453 692 1520 nullum
705 1458 901 1523 invenerunt
916 1471 1196 1534 ommonem,
1219 1450 1271 1540 qui

291 1594 309 1637 a
325 1587 362 1630 ea
379 1561 529 1647 solveret,
555 1589 619 1631 nec
631 1567 801 1632 inventura
811 1585 887 1634 sunt
897 1590 1051 1659 unquam.
1083 1566 1141 1632 His
1152 1563 1273 1626 miseras

290 1703 307 1744 tt
326 1673 578 1741 adolescentium
601 1692 738 1741 onerant
757 1701 863 1760 aures,
887 1677 966 1742 haec
977 1674 1115 1742 subinde
1125 1676 1271 1757 ingerunt

291 1813 309 1854 tt
326 1782 556 1876 inculcantque
581 1800 614 1851 et
634 1787 670 1850 iu
693 1784 856 1879 plerisque
876 1786 1042 1852 meliorem
1058 1784 1272 1872 ingeniispem

292 1922 310 1965 t<
328 1910 424 1986 atquc
445 1893 567 1980 frugem
589 1897 623 1960 in
649 1898 865 1964 teuerintibus
889 1896 996 1965 adhuc
1010 1900 1123 1979 annis,
1147 1889 1271 1960 velutin

293 2031 313 2074 tt
329 2004 431 2070 herba
445 2055 454 2088 ,
478 2024 624 2072 enecant.
650 2006 762 2073 Laudo
771 2031 821 2073 eas
833 2033 963 2094 omnes,
987 2015 1093 2074 tamen
1106 2002 1179 2098 plus
1191 2011 1273 2063 certe

295 2142 312 2184 t<
329 2112 531 2198 laudaturus,
544 2118 570 2182 si
581 2134 668 2182 recte
681 2115 859 2210 ordineque
869 2134 1090 2185 tractarentur.
1114 2115 1181 2182 Nec
1191 2108 1272 2174 enim

294 2253 311 2295 tt
330 2241 456 2290 tantum
478 2223 620 2316 desipio,
645 2243 681 2292 ut
704 2225 787 2294 solus
808 2226 981 2311 damnem,
1006 2243 1172 2319 questam
1186 2213 1272 2284 multi
1360 2249 1361 2256 ¹

293 2363 311 2407 «
327 2334 469 2412 laudant,
505 2335 633 2425 Quidni
654 2336 784 2403 laudem
806 2362 900 2420 vero,
921 2338 1039 2430 quibus
1051 2337 1177 2405 videam
1187 2323 1269 2394 mul·

293 2475 311 2516 tt
329 2462 377 2513 tos
387 2470 524 2512 summas
537 2469 613 2537 opes
624 2495 633 2542 ,
646 2446 853 2538 amplissimos
865 2446 1021 2530 honores,
1040 2447 1271 2516 auctoritatem,

293 2586 310 2628 a
327 2556 460 2640 samam,
474 2556 662 2643 dignitatem
673 2570 858 2626 consecutos
869 2575 902 2624 et
914 2581 991 2650 quas
1002 2559 1088 2624 certe
1099 2544 1270 2622 vendibili·

294 2695 312 2738 t<
329 2657 420 2749 ores,
444 2683 481 2733 ut
506 2684 750 2734 monitoriis
770 2670 871 2736 verbo
892 2685 984 2752 utar,
1008 2671 1105 2735 sciam
1127 2681 1160 2733 et
1181 2657 1272 2752 planss

293 2805 310 2846 tt
328 2775 444 2859 fatear,
464 2775 530 2841 aliis
547 2774 727 2859 nonnullis,
740 2803 818 2869 qtras
829 2758 950 2845 steriles
960 2797 993 2845 et
1004 2782 1128 2865 jejunas
1139 2780 1271 2844 vocanti

294 2916 311 2956 tt
328 2904 365 2952 ut
375 2910 456 2977 quae
470 2887 712 2976 magispossunt
722 2891 864 2954 animum
875 2886 1014 2978 explere,
1027 2914 1126 2981 quam
1136 2871 1278 2952 aroamss'*

339 2992 411 3084 (³⁶)
444 2998 483 3062 In
507 2995 616 3082 Eptst.
639 2997 654 3060 Ι
685 2995 726 3063 ad
758 2983 1270 3066 aurx.nee1ur1'interali³

294 3104 450 3172 nonnulla
460 3106 540 3172 haec
549 3107 663 3172 scribit
676 3124 699 3171 Δ
710 3124 784 3172 (sul
795 3127 906 3175 coLA
918 3139 927 3176 a

338 3219 464 3286 «Nosti
484 3219 573 3282 enim
590 3215 790 3304 stomachum
800 3243 928 3303 meum,
952 3235 988 3283 ut
998 3239 1157 3309 nequeam
1168 3201 1274 3278 scuta?i

293 3355 310 3396 t<
328 3327 541 3393 harbarorum
552 3329 785 3420 impuritatem,
796 3330 964 3398 horrorem
975 3351 1102 3410 eorum,
1121 3324 1180 3418 qui
1190 3332 1274 3384 nunc

199 3504 205 3518 ,
293 3440 436 3508 comnia
454 3457 661 3530 occuparunt.
696 3441 786 3506 Nosti
808 3459 1066 3532 contraquoque
1078 3429 1272 3502 stomachum

293 3576 310 3618 tt
325 3547 478 3632 illorum,
502 3567 538 3614 ut
550 3548 704 3633 clament,
728 3567 765 3616 ut
775 3552 934 3618 insaniant
944 3567 976 3618 et
987 3545 1195 3617 contumeliae
1206 3535 1269 3602 du·
1360 3553 1361 3560 ’

294 3687 312 3730 tt
331 3676 405 3726 cant
425 3656 524 3742 loco,
539 3662 566 3726 si
590 3664 661 3753 quis
682 3662 796 3729 audeat
818 3665 896 3730 scita
914 3651 1043 3728 illorum
1053 3652 1230 3726 convellere
1241 3654 1271 3706 ct

296 3772 441 3840 «conari
471 3761 611 3855 docere,
646 3797 762 3864 pueros
782 3799 814 3840 se
838 3797 1055 3865 supervacua,
1079 3767 1269 3860 depravetur

294 3909 312 3950 «
330 3905 477 3974 quaeque
495 3882 625 3948 senibus
636 3884 699 3950 sihi
707 3907 815 3950 rursus
827 3881 1025 3952 dediscenda
1035 3897 1128 3964 sunt,
1141 3865 1270 3942 didicis*

293 4019 311 4060 «
328 4015 370 4058 se.
406 3994 544 4062 Possunt
563 4006 673 4060 tamen
685 3993 764 4062 haec
776 3994 902 4079 facere,
925 4010 963 4061 ut
973 3992 1143 4062 deberem:
1168 3973 1270 4050 utde-

294 4129 312 4173 tt
330 4103 453 4189 sistam,
469 4128 537 4176 non
549 4107 746 4200 poterunt?
836 4141 838 4150 ·
1155 4123 1158 4132 ’
1209 4110 1212 4128 ’
1254 4117 1257 4126 ¹
