2876 5026
762 397 807 468 10

289 637 441 708 diorum.
457 634 639 732 piendam
658 632 905 706 relaxationem
925 657 967 706 ac
993 635 1094 732 quad
1112 636 1269 733 rerpriem

289 769 356 840 silii
387 767 533 863 paravit.
589 765 666 838 Nee
700 767 836 838 mino're
869 768 1047 864 voluptate
1084 769 1267 860 canendo,

289 924 400 996 quam
435 897 585 972 dicendo
609 899 795 971 limatiores
818 923 919 972 aures
940 899 1121 972 afficiebat.
1165 900 1270 970 Flatu

289 1009 395 1101 etiam
421 1032 598 1126 pulsuque
628 1030 804 1102 suavitatis
835 1031 958 1127 plenos
985 1031 1202 1121 senoslmira
1217 1055 1270 1100 ars

288 1177 325 1234 te
349 1161 560 1257 proferebat.
614 1161 676 1234 His
694 1163 772 1257 jam
796 1176 933 1236 mature
958 1171 1102 1260 poeseos
1115 1163 1271 1234 studium

289 1293 519 1386 adjunxerat,
547 1295 726 1390 praeclare
750 1295 961 1391 intelligens,
986 1295 1075 1366 haec
1091 1294 1269 1366 omniaad
1299 1387 1302 1396 .

290 1423 510 1496 Platonicam
535 1425 633 1497 illam
656 1426 830 1496 Musicam
855 1423 1028 1522 pertinere
1041 1438 1157 1523 ,atque
1182 1446 1269 1522 qum

288 1557 374 1628 dam
387 1557 712 1632 societatis'iinculo
729 1585 811 1634 cum
825 1559 867 1632 ei
883 1562 1043 1632 devincta
1055 1585 1140 1632 esse.
1151 1557 1269 1631 Duo-²

287 1691 403 1760 decim
432 1690 504 1763 fere
532 1716 643 1763 annos
669 1717 801 1790 agens‚.
822 1705 862 1763 ut
877 1695 1041 1787 traditan,
1070 1717 1270 1764 nunocrnr

287 1847 538 1917 oraraocru,
564 1826 718 1921 episcopi
738 1826 950 1920 Trajectini,
976 1825 1179 1921 sepulcrum
1192 1826 1270 1921 epi-

287 1953 409 2053 taphio
422 1959 501 2028 satis
518 1958 667 2055 eleganti
680 1953 924 2031 condecoravit
934 1958 1023 2056 (2⁰).
1065 2009 1069 2014 -

337 2087 477 2160 Eodem
500 2113 614 2184 paene
638 2104 796 2186 tempore
815 2091 941 2162 Gallici
956 2089 1122 2162 sermonis
1138 2085 1270 2184 gracili-

225 2187 229 2194 !
254 2247 258 2253 ·
288 2231 588 2289 tassonrcocau
607 2221 749 2292 allicuit.
780 2220 1270 2316 Quambrcvieousqueper-

287 2323 403 2444 cepit,
429 2361 470 2419 ut
492 2349 761 2422 Hannoniorum
781 2351 952 2448 loquendi
965 2352 1129 2422 duritiem
1141 2373 1183 2420 ac
1196 2373 1270 2420 rus·

165 2587 169 2596 ι
287 2482 454 2552 ticitatem
466 2483 648 2580 diligenter
665 2484 820 2554 devitans
835 2537 844 2576 ,
860 2483 1002 2554 dulcem
1016 2483 1121 2576 hujus
1129 2484 1271 2580 liuguae

287 2615 496 2701 suavitatem
518 2616 741 2714 culicemque
766 2617 881 2712 ipsam
903 2617 1113 2714 elegantiam
1134 2618 1198 2687 rite
1220 2628 1271 2700 ως

286 2759 396 2821 neret.
426 2786 432 2812 ι
546 2795 569 2810 ·.
776 2757 777 2762 ’
1148 2755 1154 2778 ³
1214 2747 1218 2758 ¹

284 2921 289 2928 ·
338 2877 469 2950 Studiis
483 2877 703 2952 Academicis
719 2877 908 2972 absolutis,
924 2902 1009 2949 cum
1021 2878 1162 2972 omnia,
1178 2901 1270 2974 quae

286 3011 469 3086 hanniae
501 3012 755 3101 tradebantur)
784 3013 861 3106 jam
896 3037 1039 3108 prorsus
1072 3011 1263 3102 calluiasct,

285 3169 443 3217 summos
460 3147 676 3246 Liberalium
693 3146 831 3218 Artium
840 3117 1027 3244 Magisterii
1042 3149 1193 3218 honores
1204 3163 1267 3240 pe-

287 3277 362 3348 tivi‘t
376 3327 385 3370 ‚
411 3279 540 3376 quibus
552 3278 624 3349 uni
636 3275 797 3351 omnium
810 3292 1079 3377 praeceptorum
1092 3300 1179 3350 voee
1190 3269 1269 3372 diff-

288 3409 446 3481 nissimus
454 3411 634 3506 judicatus
647 3411 794 3509 est(²¹).
837 3410 856 3452 ·’
1144 3405 1152 3414 ”

337 3541 450 3614 Fama
468 3544 546 3638 jam
569 3545 639 3616 late
667 3544 931 3640 percrebuerat,
961 3533 1151 3614 losanae
1164 3538 1269 3633 juve-

289 3699 393 3769 nem,
413 3653 570 3747 mascula
586 3679 780 3749 eruditione
793 3678 1002 3746 instructum
1018 3674 1157 3766 degere.
1196 3669 1269 3740 Ita-

286 3829 360 3904 que
386 3805 519 3879 factum
539 3821 608 3902 est,
635 3821 676 3878 ut
691 3806 849 3900 undique
864 3827 947 3874 eum
961 3812 1156 3896 spectatum
1169 3800 1270 3870 veni-

290 3951 369 4010 rent
384 3963 538 4038 eumque
555 3939 603 4009 ad
620 3935 859 4009 honestissima
875 3930 1026 4024 docendi
1040 3953 1191 4000 munera
1201 3910 1269 3998 olis

290 4070 430 4142 eundo„
443 4070 653 4168 expeterent.
715 4068 763 4160 At
787 4067 869 4138 vero
893 4065 973 4156 ille,
1011 4059 1130 4134 omnia
1158 4081 1270 4155 opum
