2810 5024
637 437 689 530 ee

165 675 321 764 810sqq.
333 671 447 764 aliique
456 673 505 738 ibi
514 668 650 738 laudati..
678 669 731 734 PE
741 685 948 738 TRAttctE
970 693 1043 760 erga
1055 671 1153 738 Itale·-

167 779 381 865 am'eadem,
427 805 507 875 qnae
539 794 798 846 temonem
834 803 908 867 erga
933 777 1150 864 Gernmete'am

167 891 380 980 Belqeitmque
399 892 486 959 luere
504 893 641 974 merita,
662 885 752 980 quod
774 887 935 975 eleganter
949 890 1035 956 hisee
1047 895 1150 958 versi-

166 1001 229 1066 bus
237 1005 396 1093 expressit
405 1000 532 1086 doctiss.
544 1016 627 1064 ΗοΕ
636 1018 768 1081 UFFT,
792 987 827 1064 in
838 999 1002 1066 Parnase.
1016 1001 1122 1088 Belgi..⁸

248 1131 313 1192 Non
327 1131 367 1190 ita
379 1128 522 1190 Aretensis'
532 1141 598 1188 nato
611 1138 764 1186 tenetote
780 1146 1010 1203 restarent,

288 1232 474 1292 Aontcous
496 1240 631 1310 quantum
642 1246 732 1310 parva
743 1225 847 1304 Befloe
860 1249 926 1290 suo,

246 1329 356 1412 Nempe
369 1329 423 1389 suit
434 1329 542 1412 patriae
557 1326 701 1388 doetrinae
713 1325 776 1386 luce
790 1329 895 1388 carenti

287 1428 404 1488 Aonie
412 1449 494 1506 ote,
511 1428 612 1489 Italico
624 1426 702 1511 quod
714 1427 768 1487 tuit
780 1427 827 1488 ille
841 1427 913 1488 solo.

217 1551 288 1643 (²³)
310 1555 842 1621 nerorrrrrocercrorr
858 1553 1155 1624 videatel.unn-

170 1681 195 1729 n
204 1685 226 1730 tt
236 1683 324 1755 nop.
336 1662 361 1729 l.
373 1688 448 1754 pag.
461 1665 540 1732 350:

213 1772 284 1863 (3⁴)
308 1776 357 1839 De
373 1790 580 1842 nunonis.
603 1790 793 1840 usrens1
812 1775 946 1841 omnino
963 1773 1099 1862 legenda
1109 1796 1157 1846 est

166 1887 326 1975 posterior
346 1907 420 1973 pars
438 1885 590 1949 orationis
612 1888 649 1948 in
665 1883 793 1948 laudem
805 1882 929 1950 Pltiloe.
942 1901 1020 1952 caet.
1032 1887 1089 1952 ubi
1100 1889 1157 1954 in-

160 1991 621 2070 ,teraliahaeeinveniunturt

216 2133 233 2173 «
252 2105 344 2170 Hanc
368 2120 425 2188 tu,
448 2107 568 2196 optime
589 2103 770 2196 princeps,
800 2104 928 2195 optimis
950 2120 1158 2197 temperatam

168 2242 187 2284 «
205 2211 329 2298 legibtm
346 2215 507 2300 gubernas
528 2231 560 2280 et
578 2213 804 2306 pulcherrimis
814 2236 947 2280 exornas
957 2213 1075 2300 gloriae
1086 2234 1157 2284 tuae

170 2352 189 2393 tt
207 2321 327 2407 titulis,
351 2349 412 2390 nec
433 2323 566 2416 publice
589 2322 691 2391 solum
711 2339 744 2389 et
766 2325 801 2388 in
823 2347 994 2392 commune
1015 2326 1156 2418 prodes,

168 2463 187 2503 u
204 2431 261 2500 sed
291 2431 431 2519 singulos
457 2457 587 2525 quoque
607 2430 833 2498 honestissimis
856 2433 1007 2500 emendas
1032 2438 1158 2502 virtutis

171 2559 277 2612 «tuae
298 2558 393 2634 atque
415 2543 584 2636 probitatis
607 2539 770 2632 exemplis.
794 2542 939 2626 Ignosces
952 2562 987 2609 tu
999 2543 1160 2635 quidem,
1253 2575 1256 2582 ’

170 2680 188 2722 «
205 2653 232 2717 si
251 2650 381 2719 laudum
396 2671 523 2718 tuarum
533 2653 691 2718 reveritus
703 2649 831 2741 pondus
844 2701 853 2736 ,
878 2652 1156 2738 bumerosmeose

167 2790 186 2830 «
201 2775 294 2828 'tanto
316 2761 437 2829 bonore
460 2760 661 2845 subducam,
685 2758 783 2827 solam
806 2785 891 2843 eam,
917 2787 999 2854 quae
1022 2766 1155 2854 propria

165 2899 184 2942 <t
201 2886 249 2936 est
271 2870 368 2958 hujus
388 2870 466 2955 loci,
490 2871 606 2939 dixisse
619 2887 801 2938 contentus.
838 2871 920 2960 Quis
931 2873 1018 2936 enim
1029 2870 1156 2940 modice

169 3010 187 3050 t<
204 2983 346 3048 oratione
369 3000 496 3049 tantum
511 2987 667 3048 virtutum
677 2978 857 3072 gloriaeque
871 2979 1035 3046 cumulum
1046 3001 1155 3073 sperat

171 3119 188 3177 ς(
205 3113 238 3156 se
258 3115 350 3183 posse
375 3092 564 3184 complecti,
590 3093 648 3184 qui
669 3088 862 3156 Herculeum
881 3088 945 3155 hoe
957 3114 1075 3158 nomen
1087 3115 1155 3158 non

169 3227 189 3270 tt
207 3224 294 3284 casu,
318 3219 373 3268 aut
390 3221 522 3286 temere,
545 3201 602 3270 sed
615 3200 830 3267 divinantium
841 3198 983 3292 quodam
993 3204 1156 3293 praesagio

170 3339 188 3378 «
205 3311 245 3375 sis
263 3310 303 3375 ab
320 3315 391 3403 ipso
401 3314 586 3404 incipientis
595 3313 676 3378 vitae
686 3312 778 3375 initio
790 3328 989 3376 consecutus.
1014 3315 1083 3396 Nee
1094 3336 1153 3379 va-

166 3447 184 3488 «
202 3420 251 3484 nis
273 3419 486 3514 sabulosisque
499 3422 701 3503 commentis,
714 3437 769 3486 aut
779 3418 965 3486 occidendis
981 3418 1078 3505 feris,
1101 3437 1156 3488 eut

166 3531 352 3598 «monstris
374 3529 561 3626 domandis,
593 3529 693 3622 qualis
715 3528 767 3596 ille
787 3529 888 3595 lamae
914 3548 1068 3597 vetustate
1095 3556 1152 3597 oe-

167 3634 342 3707 «lebratus
365 3660 421 3706 HF.
435 3659 618 3724 ncunn53
656 3638 714 3705 sed
737 3643 818 3706 veris
837 3638 920 3708 illud
942 3658 1039 3731 atque
1061 3643 1155 3708 certis

166 3752 358 3817 «asseruisti
380 3751 570 3844 virtutibus,
588 3773 726 3841 quarum
745 3748 822 3815 lieet
843 3749 986 3841 quotidie
1008 3749 1155 3842 exempla

168 3887 186 3928 s<
203 3877 475 3951 monumentaque
498 3857 618 3927 videre.
649 3861 716 3926 Nee
727 3883 794 3926 uno
806 3876 932 3924 tantum
943 3883 1075 3945 genere,
1096 3859 1154 3928 sed

167 3969 351 4062 «omuibus
385 3972 508 4061 pariter
529 3988 595 4038 tam
632 3968 759 4062 aequali
790 3968 1030 4062 indiscretique
1052 3969 1154 4040 laudis

168 4107 185 4146 t<
204 4080 442 4170 comparatione
458 4097 590 4172 temque
602 4079 731 4168 singulis
742 4082 777 4146 in
790 4105 846 4147 suo
857 4103 974 4167 genere
986 4077 1155 4166 absolutis,
